[
  {
    "sym": "XZECXXBT",
    "T": "Trade",
    "P": 0.01947,
    "Q": 0.1,
    "TS": 1538409720.3813,
    "side": "s",
    "TS2": 1538409725339216503
  },
  {
    "sym": "XETHZUSD",
    "T": "Trade",
    "P": 226.85,
    "Q": 0.02,
    "TS": 1538409733.3449,
    "side": "b",
    "TS2": 1538409738828589281
  },
  {
    "sym": "XETHZUSD",
    "T": "Trade",
    "P": 226.85,
    "Q": 4.98,
    "TS": 1538409733.3502,
    "side": "b",
    "TS2": 1538409738828643608
  },
  {
    "sym": "XXBTZUSD",
    "T": "Trade",
    "P": 6538.8,
    "Q": 1,
    "TS": 1538409739.0962,
    "side": "s",
    "TS2": 1538409748332169137
  },
  {
    "sym": "XXBTZUSD",
    "T": "Trade",
    "P": 6538.2,
    "Q": 0.498558,
    "TS": 1538409739.1111,
    "side": "s",
    "TS2": 1538409748332223252
  },
  {
    "sym": "XXBTZUSD",
    "T": "Trade",
    "P": 6537.9,
    "Q": 3.058,
    "TS": 1538409739.1144,
    "side": "s",
    "TS2": 1538409748332270624
  },
  {
    "sym": "XXBTZUSD",
    "T": "Trade",
    "P": 6537.7,
    "Q": 0.443441,
    "TS": 1538409739.1173,
    "side": "s",
    "TS2": 1538409748332315018
  },
  {
    "sym": "XXBTZUSD",
    "T": "Trade",
    "P": 6537.7,
    "Q": 4.2e-07,
    "TS": 1538409739.1207,
    "side": "s",
    "TS2": 1538409748332359262
  },
  {
    "sym": "XXLMXXBT",
    "T": "Trade",
    "P": 3.939e-05,
    "Q": 750,
    "TS": 1538409744.8845,
    "side": "b",
    "TS2": 1538409749939606858
  },
  {
    "sym": "ADAEUR",
    "T": "Trade",
    "P": 0.07207,
    "Q": 44,
    "TS": 1538409736.0906,
    "side": "b",
    "TS2": 1538409757094032581
  },
  {
    "sym": "XETHZUSD",
    "T": "Trade",
    "P": 226.61,
    "Q": 2.15891,
    "TS": 1538409749.4185,
    "side": "s",
    "TS2": 1538409764598722826
  },
  {
    "sym": "XXBTZUSD",
    "T": "Trade",
    "P": 6537.7,
    "Q": 0.556558,
    "TS": 1538409749.2599,
    "side": "s",
    "TS2": 1538409768683688185
  },
  {
    "sym": "XXBTZUSD",
    "T": "Trade",
    "P": 6537.6,
    "Q": 3.057,
    "TS": 1538409749.2705,
    "side": "s",
    "TS2": 1538409768683741023
  },
  {
    "sym": "XXBTZUSD",
    "T": "Trade",
    "P": 6537.4,
    "Q": 1.38644,
    "TS": 1538409749.2755,
    "side": "s",
    "TS2": 1538409768683788091
  },
  {
    "sym": "XXBTZUSD",
    "T": "Trade",
    "P": 6537.4,
    "Q": 4.2e-07,
    "TS": 1538409749.2809,
    "side": "s",
    "TS2": 1538409768683832846
  },
  {
    "sym": "XXRPXXBT",
    "T": "Trade",
    "P": 8.437e-05,
    "Q": 2000,
    "TS": 1538409757.6024,
    "side": "b",
    "TS2": 1538409771786622466
  },
  {
    "sym": "XETHZUSD",
    "T": "Trade",
    "P": 226.84,
    "Q": 5,
    "TS": 1538409764.7683,
    "side": "b",
    "TS2": 1538409785780675347
  },
  {
    "sym": "XETHZUSD",
    "T": "Trade",
    "P": 226.84,
    "Q": 20,
    "TS": 1538409764.7899,
    "side": "b",
    "TS2": 1538409785780728726
  },
  {
    "sym": "XXMRXXBT",
    "T": "Trade",
    "P": 0.017468,
    "Q": 0.1,
    "TS": 1538409785.4071,
    "side": "b",
    "TS2": 1538409793526889926
  },
  {
    "sym": "XETHZUSD",
    "T": "Trade",
    "P": 226.83,
    "Q": 0.5,
    "TS": 1538409797.8828,
    "side": "b",
    "TS2": 1538409808598307598
  },
  {
    "sym": "XETHZUSD",
    "T": "Trade",
    "P": 226.57,
    "Q": 0.11,
    "TS": 1538409800.4251,
    "side": "s",
    "TS2": 1538409808598360909
  },
  {
    "sym": "XETHZUSD",
    "T": "Trade",
    "P": 226.55,
    "Q": 5,
    "TS": 1538409804.2248,
    "side": "s",
    "TS2": 1538409808598408098
  },
  {
    "sym": "XETHZUSD",
    "T": "Trade",
    "P": 226.55,
    "Q": 5,
    "TS": 1538409804.2298,
    "side": "s",
    "TS2": 1538409808598452113
  },
  {
    "sym": "XETHZUSD",
    "T": "Trade",
    "P": 226.53,
    "Q": 0.2,
    "TS": 1538409804.2331,
    "side": "s",
    "TS2": 1538409808598495417
  },
  {
    "sym": "XETHZUSD",
    "T": "Trade",
    "P": 226.52,
    "Q": 5,
    "TS": 1538409804.2359,
    "side": "s",
    "TS2": 1538409808598539250
  },
  {
    "sym": "XETHZUSD",
    "T": "Trade",
    "P": 226.52,
    "Q": 5,
    "TS": 1538409804.2385,
    "side": "s",
    "TS2": 1538409808598582611
  },
  {
    "sym": "XETHZUSD",
    "T": "Trade",
    "P": 226.47,
    "Q": 3,
    "TS": 1538409804.2422,
    "side": "s",
    "TS2": 1538409808598625557
  },
  {
    "sym": "XETHZUSD",
    "T": "Trade",
    "P": 226.46,
    "Q": 0.024,
    "TS": 1538409804.2455,
    "side": "s",
    "TS2": 1538409808598669482
  },
  {
    "sym": "XETHZUSD",
    "T": "Trade",
    "P": 226.3,
    "Q": 26.776,
    "TS": 1538409804.2488,
    "side": "s",
    "TS2": 1538409808598713853
  },
  {
    "sym": "XXBTZUSD",
    "T": "Trade",
    "P": 6538.2,
    "Q": 0.025,
    "TS": 1538409792.3911,
    "side": "b",
    "TS2": 1538409812609091281
  },
  {
    "sym": "XXBTZUSD",
    "T": "Trade",
    "P": 6539.7,
    "Q": 0.318,
    "TS": 1538409792.4137,
    "side": "b",
    "TS2": 1538409812609145099
  },
  {
    "sym": "XXBTZUSD",
    "T": "Trade",
    "P": 6538.9,
    "Q": 0.025,
    "TS": 1538409806.8025,
    "side": "s",
    "TS2": 1538409812609192067
  },
  {
    "sym": "XXBTZUSD",
    "T": "Trade",
    "P": 6538.9,
    "Q": 0.025,
    "TS": 1538409809.408,
    "side": "s",
    "TS2": 1538409812609236564
  },
  {
    "sym": "XXBTZUSD",
    "T": "Trade",
    "P": 6538.9,
    "Q": 0.025,
    "TS": 1538409811.0931,
    "side": "s",
    "TS2": 1538409812609280845
  },
  {
    "sym": "GNOXBT",
    "T": "Trade",
    "P": 0.00399,
    "Q": 1.35931,
    "TS": 1538409823.0673,
    "side": "s",
    "TS2": 1538409824883727830
  },
  {
    "sym": "GNOXBT",
    "T": "Trade",
    "P": 0.00399,
    "Q": 0.00352504,
    "TS": 1538409823.0756,
    "side": "s",
    "TS2": 1538409824883781430
  },
  {
    "sym": "XETHXXBT",
    "T": "Trade",
    "P": 0.03468,
    "Q": 0.13954,
    "TS": 1538409815.5863,
    "side": "b",
    "TS2": 1538409827183989630
  },
  {
    "sym": "XETHZUSD",
    "T": "Trade",
    "P": 226.37,
    "Q": 5,
    "TS": 1538409814.9211,
    "side": "s",
    "TS2": 1538409827534922736
  },
  {
    "sym": "XETHZUSD",
    "T": "Trade",
    "P": 226.36,
    "Q": 2,
    "TS": 1538409814.9304,
    "side": "s",
    "TS2": 1538409827534975416
  },
  {
    "sym": "XETHZUSD",
    "T": "Trade",
    "P": 226.31,
    "Q": 5,
    "TS": 1538409814.9331,
    "side": "s",
    "TS2": 1538409827535022234
  },
  {
    "sym": "XETHZUSD",
    "T": "Trade",
    "P": 226.3,
    "Q": 38,
    "TS": 1538409814.9365,
    "side": "s",
    "TS2": 1538409827535066508
  },
  {
    "sym": "XETHZUSD",
    "T": "Trade",
    "P": 226.74,
    "Q": 2,
    "TS": 1538409821.6702,
    "side": "b",
    "TS2": 1538409827535110294
  },
  {
    "sym": "XETHZUSD",
    "T": "Trade",
    "P": 226.83,
    "Q": 4.5,
    "TS": 1538409821.6872,
    "side": "b",
    "TS2": 1538409827535153294
  },
  {
    "sym": "XETHZUSD",
    "T": "Trade",
    "P": 226.83,
    "Q": 8.1706,
    "TS": 1538409821.6916,
    "side": "b",
    "TS2": 1538409827535196654
  },
  {
    "sym": "XXBTZUSD",
    "T": "Trade",
    "P": 6538.9,
    "Q": 0.025,
    "TS": 1538409813.2772,
    "side": "s",
    "TS2": 1538409832399454986
  },
  {
    "sym": "XXRPXXBT",
    "T": "Trade",
    "P": 8.422e-05,
    "Q": 5448.3,
    "TS": 1538409824.8195,
    "side": "b",
    "TS2": 1538409834653782603
  },
  {
    "sym": "XXRPXXBT",
    "T": "Trade",
    "P": 8.425e-05,
    "Q": 5337,
    "TS": 1538409824.8275,
    "side": "b",
    "TS2": 1538409834653836687
  },
  {
    "sym": "XXRPXXBT",
    "T": "Trade",
    "P": 8.429e-05,
    "Q": 1067.25,
    "TS": 1538409824.8309,
    "side": "b",
    "TS2": 1538409834653894776
  },
  {
    "sym": "XETHZUSD",
    "T": "Trade",
    "P": 226.31,
    "Q": 8,
    "TS": 1538409860.5403,
    "side": "s",
    "TS2": 1538409869157661569
  },
  {
    "sym": "XETHZUSD",
    "T": "Trade",
    "P": 226.3,
    "Q": 35.224,
    "TS": 1538409860.5472,
    "side": "s",
    "TS2": 1538409869157725838
  },
  {
    "sym": "XETHZUSD",
    "T": "Trade",
    "P": 226.26,
    "Q": 6.776,
    "TS": 1538409860.5523,
    "side": "s",
    "TS2": 1538409869157782568
  },
  {
    "sym": "XXBTZUSD",
    "T": "Trade",
    "P": 6535,
    "Q": 0.58,
    "TS": 1538409889.2889,
    "side": "s",
    "TS2": 1538409891953343299
  },
  {
    "sym": "XXRPXXBT",
    "T": "Trade",
    "P": 8.4e-05,
    "Q": 875.827,
    "TS": 1538409888.5107,
    "side": "s",
    "TS2": 1538409893784196938
  },
  {
    "sym": "XXRPXXBT",
    "T": "Trade",
    "P": 8.395e-05,
    "Q": 61.726,
    "TS": 1538409888.5153,
    "side": "s",
    "TS2": 1538409893784251423
  },
  {
    "sym": "ADAXBT",
    "T": "Trade",
    "P": 1.272e-05,
    "Q": 157,
    "TS": 1538409887.3721,
    "side": "s",
    "TS2": 1538409900751455823
  },
  {
    "sym": "ADAXBT",
    "T": "Trade",
    "P": 1.272e-05,
    "Q": 5719,
    "TS": 1538409891.7222,
    "side": "s",
    "TS2": 1538409900751510556
  },
  {
    "sym": "XXBTZUSD",
    "T": "Trade",
    "P": 6535,
    "Q": 2.47,
    "TS": 1538409908.9166,
    "side": "s",
    "TS2": 1538409910702747499
  },
  {
    "sym": "ADAEUR",
    "T": "Trade",
    "P": 0.072069,
    "Q": 1000,
    "TS": 1538409907.3925,
    "side": "b",
    "TS2": 1538409918334148723
  },
  {
    "sym": "ADAXBT",
    "T": "Trade",
    "P": 1.272e-05,
    "Q": 93,
    "TS": 1538409903.6429,
    "side": "s",
    "TS2": 1538409919051940182
  },
  {
    "sym": "XETHZUSD",
    "T": "Trade",
    "P": 226.51,
    "Q": 0.0559965,
    "TS": 1538409919.2238,
    "side": "b",
    "TS2": 1538409928101603618
  },
  {
    "sym": "XXBTZUSD",
    "T": "Trade",
    "P": 6535,
    "Q": 0.28,
    "TS": 1538409921.9135,
    "side": "s",
    "TS2": 1538409933359627517
  },
  {
    "sym": "XXMRXXBT",
    "T": "Trade",
    "P": 0.017469,
    "Q": 0.1,
    "TS": 1538409932.7722,
    "side": "b",
    "TS2": 1538409934840336160
  },
  {
    "sym": "XXRPXXBT",
    "T": "Trade",
    "P": 8.395e-05,
    "Q": 149,
    "TS": 1538409923.967,
    "side": "s",
    "TS2": 1538409935179092047
  },
  {
    "sym": "EOSXBT",
    "T": "Trade",
    "P": 0.0008513,
    "Q": 87.1888,
    "TS": 1538409927.8684,
    "side": "s",
    "TS2": 1538409944627785034
  },
  {
    "sym": "XETHXXBT",
    "T": "Trade",
    "P": 0.03466,
    "Q": 0.458719,
    "TS": 1538409928.3622,
    "side": "b",
    "TS2": 1538409949644441443
  },
  {
    "sym": "XLTCZUSD",
    "T": "Trade",
    "P": 59.77,
    "Q": 0.1,
    "TS": 1538409951.151,
    "side": "b",
    "TS2": 1538409952099991724
  },
  {
    "sym": "XXBTZUSD",
    "T": "Trade",
    "P": 6535,
    "Q": 0.18,
    "TS": 1538409937.9676,
    "side": "s",
    "TS2": 1538409954354241471
  },
  {
    "sym": "XXMRXXBT",
    "T": "Trade",
    "P": 0.017469,
    "Q": 0.1,
    "TS": 1538409936.0756,
    "side": "b",
    "TS2": 1538409955756271595
  },
  {
    "sym": "XXMRXXBT",
    "T": "Trade",
    "P": 0.017468,
    "Q": 0.1,
    "TS": 1538409938.7115,
    "side": "b",
    "TS2": 1538409955756324982
  },
  {
    "sym": "ADAEUR",
    "T": "Trade",
    "P": 0.072068,
    "Q": 146,
    "TS": 1538409954.4687,
    "side": "b",
    "TS2": 1538409962324128260
  },
  {
    "sym": "ADAXBT",
    "T": "Trade",
    "P": 1.272e-05,
    "Q": 2676.09,
    "TS": 1538409943.1987,
    "side": "s",
    "TS2": 1538409963560858264
  },
  {
    "sym": "ADAXBT",
    "T": "Trade",
    "P": 1.272e-05,
    "Q": 223.91,
    "TS": 1538409943.2168,
    "side": "s",
    "TS2": 1538409963560912714
  },
  {
    "sym": "XETHXXBT",
    "T": "Trade",
    "P": 0.03465,
    "Q": 10,
    "TS": 1538409959.5272,
    "side": "s",
    "TS2": 1538409970141510070
  },
  {
    "sym": "XETHZUSD",
    "T": "Trade",
    "P": 226.27,
    "Q": 0.26517,
    "TS": 1538409961.9939,
    "side": "s",
    "TS2": 1538409970683203624
  },
  {
    "sym": "XETHZUSD",
    "T": "Trade",
    "P": 226.15,
    "Q": 3.28059,
    "TS": 1538409961.9996,
    "side": "s",
    "TS2": 1538409970683256773
  },
  {
    "sym": "XETHZUSD",
    "T": "Trade",
    "P": 226,
    "Q": 1.88282,
    "TS": 1538409962.0033,
    "side": "s",
    "TS2": 1538409970683303490
  },
  {
    "sym": "XETHZUSD",
    "T": "Trade",
    "P": 226,
    "Q": 0.00488264,
    "TS": 1538409962.0057,
    "side": "s",
    "TS2": 1538409970683347539
  },
  {
    "sym": "XETHZUSD",
    "T": "Trade",
    "P": 226,
    "Q": 1.266e-05,
    "TS": 1538409962.0077,
    "side": "s",
    "TS2": 1538409970683391642
  },
  {
    "sym": "XETHZUSD",
    "T": "Trade",
    "P": 226,
    "Q": 7.98563,
    "TS": 1538409962.0338,
    "side": "s",
    "TS2": 1538409970683436310
  },
  {
    "sym": "XETHZUSD",
    "T": "Trade",
    "P": 226,
    "Q": 1e-08,
    "TS": 1538409962.0366,
    "side": "s",
    "TS2": 1538409970683479529
  },
  {
    "sym": "XMLNXXBT",
    "T": "Trade",
    "P": 0.00158,
    "Q": 1.59744,
    "TS": 1538409959.2536,
    "side": "b",
    "TS2": 1538409974361805514
  },
  {
    "sym": "XMLNXXBT",
    "T": "Trade",
    "P": 0.00158,
    "Q": 0.00255183,
    "TS": 1538409959.2556,
    "side": "b",
    "TS2": 1538409974361859159
  },
  {
    "sym": "XXBTZUSD",
    "T": "Trade",
    "P": 6535,
    "Q": 0.25,
    "TS": 1538409964.3882,
    "side": "s",
    "TS2": 1538409981786582645
  },
  {
    "sym": "XZECXXBT",
    "T": "Trade",
    "P": 0.01947,
    "Q": 0.129841,
    "TS": 1538409959.2392,
    "side": "s",
    "TS2": 1538409984358920339
  },
  {
    "sym": "XZECXXBT",
    "T": "Trade",
    "P": 0.01947,
    "Q": 0.371,
    "TS": 1538409968.4394,
    "side": "s",
    "TS2": 1538409984358973435
  },
  {
    "sym": "ADAEUR",
    "T": "Trade",
    "P": 0.072067,
    "Q": 694,
    "TS": 1538409975.1066,
    "side": "b",
    "TS2": 1538409990202262970
  },
  {
    "sym": "ADAEUR",
    "T": "Trade",
    "P": 0.072067,
    "Q": 7,
    "TS": 1538409987.1807,
    "side": "b",
    "TS2": 1538409990202316314
  },
  {
    "sym": "ADAXBT",
    "T": "Trade",
    "P": 1.272e-05,
    "Q": 0.439588,
    "TS": 1538409971.647,
    "side": "s",
    "TS2": 1538409991630666568
  },
  {
    "sym": "ADAXBT",
    "T": "Trade",
    "P": 1.271e-05,
    "Q": 313.56,
    "TS": 1538409971.6511,
    "side": "s",
    "TS2": 1538409991630721281
  },
  {
    "sym": "EOSXBT",
    "T": "Trade",
    "P": 0.000851,
    "Q": 8.48511,
    "TS": 1538409968.996,
    "side": "s",
    "TS2": 1538409993301502105
  },
  {
    "sym": "EOSXBT",
    "T": "Trade",
    "P": 0.0008503,
    "Q": 88.5181,
    "TS": 1538409988.7027,
    "side": "s",
    "TS2": 1538409993301567367
  },
  {
    "sym": "QTUMEUR",
    "T": "Trade",
    "P": 3.266,
    "Q": 10,
    "TS": 1538409986.1355,
    "side": "s",
    "TS2": 1538409996276063248
  },
  {
    "sym": "QTUMXBT",
    "T": "Trade",
    "P": 0.0005764,
    "Q": 10.01,
    "TS": 1538409986.5154,
    "side": "b",
    "TS2": 1538409996998625575
  },
  {
    "sym": "XETHXXBT",
    "T": "Trade",
    "P": 0.03462,
    "Q": 4.09214,
    "TS": 1538409970.6766,
    "side": "s",
    "TS2": 1538409998524422528
  },
  {
    "sym": "XXBTZUSD",
    "T": "Trade",
    "P": 6535,
    "Q": 0.84,
    "TS": 1538409988.4891,
    "side": "s",
    "TS2": 1538410003102050965
  },
  {
    "sym": "XETHZUSD",
    "T": "Trade",
    "P": 226.02,
    "Q": 5,
    "TS": 1538410000.0809,
    "side": "s",
    "TS2": 1538410019839582191
  },
  {
    "sym": "XETHZUSD",
    "T": "Trade",
    "P": 226.01,
    "Q": 0.18675,
    "TS": 1538410000.1054,
    "side": "s",
    "TS2": 1538410019840179823
  },
  {
    "sym": "XETHZUSD",
    "T": "Trade",
    "P": 226,
    "Q": 9.81325,
    "TS": 1538410000.1091,
    "side": "s",
    "TS2": 1538410019840244621
  },
  {
    "sym": "XLTCXXBT",
    "T": "Trade",
    "P": 0.009134,
    "Q": 2.07987,
    "TS": 1538410006.4122,
    "side": "b",
    "TS2": 1538410021568425892
  },
  {
    "sym": "XLTCZUSD",
    "T": "Trade",
    "P": 59.76,
    "Q": 0.1,
    "TS": 1538410003.1421,
    "side": "s",
    "TS2": 1538410021989412504
  },
  {
    "sym": "XXBTZUSD",
    "T": "Trade",
    "P": 6535,
    "Q": 0.09,
    "TS": 1538410003.8939,
    "side": "s",
    "TS2": 1538410024301871441
  },
  {
    "sym": "XXBTZUSD",
    "T": "Trade",
    "P": 6535,
    "Q": 0.06,
    "TS": 1538410016.9354,
    "side": "s",
    "TS2": 1538410024301924249
  },
  {
    "sym": "GNOXBT",
    "T": "Trade",
    "P": 0.00401,
    "Q": 1.833,
    "TS": 1538410031.4126,
    "side": "s",
    "TS2": 1538410038132902373
  },
  {
    "sym": "XETHXXBT",
    "T": "Trade",
    "P": 0.03462,
    "Q": 12.75,
    "TS": 1538410022.6783,
    "side": "s",
    "TS2": 1538410041672551740
  },
  {
    "sym": "XETHXXBT",
    "T": "Trade",
    "P": 0.03461,
    "Q": 20,
    "TS": 1538410034.6864,
    "side": "s",
    "TS2": 1538410041672604751
  },
  {
    "sym": "XETHZUSD",
    "T": "Trade",
    "P": 226,
    "Q": 22.22,
    "TS": 1538410022.1705,
    "side": "s",
    "TS2": 1538410042045434099
  },
  {
    "sym": "XETHZUSD",
    "T": "Trade",
    "P": 226,
    "Q": 22.0934,
    "TS": 1538410022.1893,
    "side": "s",
    "TS2": 1538410042045486391
  },
  {
    "sym": "XETHZUSD",
    "T": "Trade",
    "P": 226,
    "Q": 2.5,
    "TS": 1538410022.193,
    "side": "s",
    "TS2": 1538410042045533437
  },
  {
    "sym": "XETHZUSD",
    "T": "Trade",
    "P": 226,
    "Q": 25.8271,
    "TS": 1538410022.1966,
    "side": "s",
    "TS2": 1538410042045594097
  },
  {
    "sym": "XETHZUSD",
    "T": "Trade",
    "P": 226,
    "Q": 3.45547,
    "TS": 1538410022.1991,
    "side": "s",
    "TS2": 1538410042045639055
  },
  {
    "sym": "XETHZUSD",
    "T": "Trade",
    "P": 226,
    "Q": 1.4014,
    "TS": 1538410022.2014,
    "side": "s",
    "TS2": 1538410042045682199
  },
  {
    "sym": "XETHZUSD",
    "T": "Trade",
    "P": 226,
    "Q": 19.316,
    "TS": 1538410022.2035,
    "side": "s",
    "TS2": 1538410042045725298
  },
  {
    "sym": "XETHZUSD",
    "T": "Trade",
    "P": 226,
    "Q": 0.5,
    "TS": 1538410022.2067,
    "side": "s",
    "TS2": 1538410042045768356
  },
  {
    "sym": "XETHZUSD",
    "T": "Trade",
    "P": 225.66,
    "Q": 24.9066,
    "TS": 1538410022.2101,
    "side": "s",
    "TS2": 1538410042045811545
  },
  {
    "sym": "XETHZUSD",
    "T": "Trade",
    "P": 225.8,
    "Q": 3,
    "TS": 1538410027.2052,
    "side": "s",
    "TS2": 1538410042045855352
  },
  {
    "sym": "XETHZUSD",
    "T": "Trade",
    "P": 225.8,
    "Q": 3,
    "TS": 1538410027.2141,
    "side": "s",
    "TS2": 1538410042045898531
  },
  {
    "sym": "XETHZUSD",
    "T": "Trade",
    "P": 225.75,
    "Q": 2,
    "TS": 1538410027.2171,
    "side": "s",
    "TS2": 1538410042045941149
  },
  {
    "sym": "XETHZUSD",
    "T": "Trade",
    "P": 225.75,
    "Q": 24.279,
    "TS": 1538410027.2206,
    "side": "s",
    "TS2": 1538410042045983778
  },
  {
    "sym": "XETHZUSD",
    "T": "Trade",
    "P": 225.66,
    "Q": 75.0934,
    "TS": 1538410027.2239,
    "side": "s",
    "TS2": 1538410042046027152
  },
  {
    "sym": "XETHZUSD",
    "T": "Trade",
    "P": 225.66,
    "Q": 42.6276,
    "TS": 1538410027.227,
    "side": "s",
    "TS2": 1538410042046070627
  },
  {
    "sym": "XETHZUSD",
    "T": "Trade",
    "P": 225.81,
    "Q": 7.99,
    "TS": 1538410034.3188,
    "side": "s",
    "TS2": 1538410042046123610
  },
  {
    "sym": "XETHZUSD",
    "T": "Trade",
    "P": 225.66,
    "Q": 14.23,
    "TS": 1538410034.3258,
    "side": "s",
    "TS2": 1538410042046169814
  },
  {
    "sym": "XETHZUSD",
    "T": "Trade",
    "P": 225.66,
    "Q": 50,
    "TS": 1538410034.3293,
    "side": "s",
    "TS2": 1538410042046213572
  },
  {
    "sym": "XETHZUSD",
    "T": "Trade",
    "P": 225.66,
    "Q": 50,
    "TS": 1538410034.3324,
    "side": "s",
    "TS2": 1538410042046256886
  },
  {
    "sym": "XLTCXXBT",
    "T": "Trade",
    "P": 0.009134,
    "Q": 0.1635,
    "TS": 1538410035.2364,
    "side": "b",
    "TS2": 1538410043501797717
  },
  {
    "sym": "XXBTZUSD",
    "T": "Trade",
    "P": 6535,
    "Q": 0.04,
    "TS": 1538410029.3809,
    "side": "s",
    "TS2": 1538410046291504408
  },
  {
    "sym": "XXBTZUSD",
    "T": "Trade",
    "P": 6535,
    "Q": 0.21,
    "TS": 1538410034.3399,
    "side": "s",
    "TS2": 1538410046291556514
  },
  {
    "sym": "XXRPXXBT",
    "T": "Trade",
    "P": 8.371e-05,
    "Q": 170.036,
    "TS": 1538410051.9212,
    "side": "b",
    "TS2": 1538410063424372800
  },
  {
    "sym": "ADAEUR",
    "T": "Trade",
    "P": 0.072062,
    "Q": 10583,
    "TS": 1538410047.8074,
    "side": "s",
    "TS2": 1538410069275646253
  },
  {
    "sym": "ADAUSD",
    "T": "Trade",
    "P": 0.083,
    "Q": 62.5443,
    "TS": 1538410032.9936,
    "side": "s",
    "TS2": 1538410069652554231
  },
  {
    "sym": "ADAUSD",
    "T": "Trade",
    "P": 0.083,
    "Q": 0.161706,
    "TS": 1538410032.9988,
    "side": "s",
    "TS2": 1538410069652607528
  },
  {
    "sym": "ADAXBT",
    "T": "Trade",
    "P": 1.271e-05,
    "Q": 2686.44,
    "TS": 1538410035.6261,
    "side": "s",
    "TS2": 1538410070010988845
  },
  {
    "sym": "ADAXBT",
    "T": "Trade",
    "P": 1.271e-05,
    "Q": 965.56,
    "TS": 1538410035.63,
    "side": "s",
    "TS2": 1538410070011043260
  },
  {
    "sym": "ADAXBT",
    "T": "Trade",
    "P": 1.271e-05,
    "Q": 0.103724,
    "TS": 1538410044.481,
    "side": "s",
    "TS2": 1538410070011091206
  },
  {
    "sym": "ADAXBT",
    "T": "Trade",
    "P": 1.27e-05,
    "Q": 313.896,
    "TS": 1538410044.4877,
    "side": "s",
    "TS2": 1538410070011136688
  },
  {
    "sym": "ADAXBT",
    "T": "Trade",
    "P": 1.271e-05,
    "Q": 10593.6,
    "TS": 1538410047.4355,
    "side": "b",
    "TS2": 1538410070011181961
  },
  {
    "sym": "ADAXBT",
    "T": "Trade",
    "P": 1.27e-05,
    "Q": 157,
    "TS": 1538410058.473,
    "side": "s",
    "TS2": 1538410070011226246
  },
  {
    "sym": "XETHXXBT",
    "T": "Trade",
    "P": 0.03459,
    "Q": 20,
    "TS": 1538410044.8447,
    "side": "s",
    "TS2": 1538410077722165160
  },
  {
    "sym": "XETHXXBT",
    "T": "Trade",
    "P": 0.03458,
    "Q": 0.164777,
    "TS": 1538410054.388,
    "side": "b",
    "TS2": 1538410077722218118
  },
  {
    "sym": "XETHZUSD",
    "T": "Trade",
    "P": 225.84,
    "Q": 0.05626,
    "TS": 1538410070.9399,
    "side": "b",
    "TS2": 1538410078220373745
  },
  {
    "sym": "XETHZUSD",
    "T": "Trade",
    "P": 225.81,
    "Q": 0.0484597,
    "TS": 1538410076.5396,
    "side": "b",
    "TS2": 1538410078220427719
  },
  {
    "sym": "XETHZUSD",
    "T": "Trade",
    "P": 225.6,
    "Q": 2.21631,
    "TS": 1538410076.7745,
    "side": "s",
    "TS2": 1538410078220475479
  },
  {
    "sym": "XETHZUSD",
    "T": "Trade",
    "P": 225.52,
    "Q": 0.091,
    "TS": 1538410076.779,
    "side": "s",
    "TS2": 1538410078220520976
  },
  {
    "sym": "XETHZUSD",
    "T": "Trade",
    "P": 225.5,
    "Q": 7.69269,
    "TS": 1538410076.7822,
    "side": "s",
    "TS2": 1538410078220565237
  },
  {
    "sym": "XXBTZUSD",
    "T": "Trade",
    "P": 6534.8,
    "Q": 0.004236,
    "TS": 1538410052.3365,
    "side": "b",
    "TS2": 1538410082436541664
  },
  {
    "sym": "XXBTZUSD",
    "T": "Trade",
    "P": 6534.1,
    "Q": 0.26,
    "TS": 1538410061.8284,
    "side": "s",
    "TS2": 1538410082436594876
  },
  {
    "sym": "XXBTZUSD",
    "T": "Trade",
    "P": 6534.6,
    "Q": 0.290564,
    "TS": 1538410066.7235,
    "side": "b",
    "TS2": 1538410082436641931
  },
  {
    "sym": "XXBTZUSD",
    "T": "Trade",
    "P": 6534.6,
    "Q": 0.092206,
    "TS": 1538410067.4315,
    "side": "b",
    "TS2": 1538410082436687759
  },
  {
    "sym": "XXBTZUSD",
    "T": "Trade",
    "P": 6534.1,
    "Q": 0.07,
    "TS": 1538410077.8439,
    "side": "s",
    "TS2": 1538410082436732843
  },
  {
    "sym": "XXBTZUSD",
    "T": "Trade",
    "P": 6534.5,
    "Q": 0.1,
    "TS": 1538410078.5849,
    "side": "b",
    "TS2": 1538410082436777390
  },
  {
    "sym": "XXBTZUSD",
    "T": "Trade",
    "P": 6534.5,
    "Q": 0.05,
    "TS": 1538410078.5901,
    "side": "b",
    "TS2": 1538410082436821694
  },
  {
    "sym": "XXBTZUSD",
    "T": "Trade",
    "P": 6534.5,
    "Q": 0.05,
    "TS": 1538410078.5933,
    "side": "b",
    "TS2": 1538410082436866038
  },
  {
    "sym": "XXBTZUSD",
    "T": "Trade",
    "P": 6534.5,
    "Q": 0.0235776,
    "TS": 1538410078.5968,
    "side": "b",
    "TS2": 1538410082436910252
  },
  {
    "sym": "XXBTZUSD",
    "T": "Trade",
    "P": 6534.5,
    "Q": 0.002,
    "TS": 1538410078.6007,
    "side": "b",
    "TS2": 1538410082436954849
  },
  {
    "sym": "XXBTZUSD",
    "T": "Trade",
    "P": 6534.5,
    "Q": 0.048,
    "TS": 1538410078.6042,
    "side": "b",
    "TS2": 1538410082437009647
  },
  {
    "sym": "XXBTZUSD",
    "T": "Trade",
    "P": 6534.5,
    "Q": 0.1,
    "TS": 1538410078.6072,
    "side": "b",
    "TS2": 1538410082437057976
  },
  {
    "sym": "XXBTZUSD",
    "T": "Trade",
    "P": 6534.5,
    "Q": 0.025,
    "TS": 1538410078.6103,
    "side": "b",
    "TS2": 1538410082437102706
  },
  {
    "sym": "XXBTZUSD",
    "T": "Trade",
    "P": 6534.5,
    "Q": 0.025,
    "TS": 1538410078.6134,
    "side": "b",
    "TS2": 1538410082437147045
  },
  {
    "sym": "XXBTZUSD",
    "T": "Trade",
    "P": 6534.5,
    "Q": 0.025,
    "TS": 1538410078.6166,
    "side": "b",
    "TS2": 1538410082437191352
  },
  {
    "sym": "XXBTZUSD",
    "T": "Trade",
    "P": 6534.5,
    "Q": 0.025,
    "TS": 1538410078.6197,
    "side": "b",
    "TS2": 1538410082437235408
  },
  {
    "sym": "XXBTZUSD",
    "T": "Trade",
    "P": 6534.5,
    "Q": 0.025,
    "TS": 1538410078.6228,
    "side": "b",
    "TS2": 1538410082437279261
  },
  {
    "sym": "XXBTZUSD",
    "T": "Trade",
    "P": 6534.5,
    "Q": 0.00142241,
    "TS": 1538410078.6263,
    "side": "b",
    "TS2": 1538410082437323008
  },
  {
    "sym": "XXRPXXBT",
    "T": "Trade",
    "P": 8.358e-05,
    "Q": 117.55,
    "TS": 1538410065.9688,
    "side": "b",
    "TS2": 1538410084533956368
  },
  {
    "sym": "ADAXBT",
    "T": "Trade",
    "P": 1.27e-05,
    "Q": 157,
    "TS": 1538410088.5077,
    "side": "s",
    "TS2": 1538410091384306601
  },
  {
    "sym": "EOSXBT",
    "T": "Trade",
    "P": 0.0008494,
    "Q": 3,
    "TS": 1538410075.6001,
    "side": "s",
    "TS2": 1538410093064474594
  },
  {
    "sym": "QTUMEUR",
    "T": "Trade",
    "P": 3.26536,
    "Q": 0.723861,
    "TS": 1538410093.0269,
    "side": "s",
    "TS2": 1538410094489538738
  },
  {
    "sym": "QTUMEUR",
    "T": "Trade",
    "P": 3.26536,
    "Q": 5.03238,
    "TS": 1538410093.0322,
    "side": "s",
    "TS2": 1538410094489609752
  },
  {
    "sym": "QTUMXBT",
    "T": "Trade",
    "P": 0.0005763,
    "Q": 5.76143,
    "TS": 1538410093.2073,
    "side": "b",
    "TS2": 1538410095389757164
  },
  {
    "sym": "XETHXXBT",
    "T": "Trade",
    "P": 0.03457,
    "Q": 34.26,
    "TS": 1538410086.888,
    "side": "s",
    "TS2": 1538410096531715008
  },
  {
    "sym": "XXBTZUSD",
    "T": "Trade",
    "P": 6531,
    "Q": 0.01,
    "TS": 1538410087.2287,
    "side": "s",
    "TS2": 1538410101152985701
  },
  {
    "sym": "XXBTZUSD",
    "T": "Trade",
    "P": 6530.3,
    "Q": 0.01,
    "TS": 1538410093.4367,
    "side": "s",
    "TS2": 1538410101153038937
  },
  {
    "sym": "ADAXBT",
    "T": "Trade",
    "P": 1.27e-05,
    "Q": 837.659,
    "TS": 1538410092.436,
    "side": "s",
    "TS2": 1538410110089393272
  },
  {
    "sym": "ADAXBT",
    "T": "Trade",
    "P": 1.27e-05,
    "Q": 390.341,
    "TS": 1538410092.4508,
    "side": "s",
    "TS2": 1538410110089448266
  },
  {
    "sym": "ADAXBT",
    "T": "Trade",
    "P": 1.27e-05,
    "Q": 170.147,
    "TS": 1538410096.134,
    "side": "s",
    "TS2": 1538410110089496727
  },
  {
    "sym": "ADAXBT",
    "T": "Trade",
    "P": 1.27e-05,
    "Q": 143.853,
    "TS": 1538410096.1415,
    "side": "s",
    "TS2": 1538410110089542660
  },
  {
    "sym": "ADAXBT",
    "T": "Trade",
    "P": 1.27e-05,
    "Q": 88,
    "TS": 1538410100.0579,
    "side": "s",
    "TS2": 1538410110089607674
  },
  {
    "sym": "XETHXXBT",
    "T": "Trade",
    "P": 0.03457,
    "Q": 5.74,
    "TS": 1538410103.5145,
    "side": "s",
    "TS2": 1538410116311832189
  },
  {
    "sym": "XETHZUSD",
    "T": "Trade",
    "P": 225.5,
    "Q": 2.30731,
    "TS": 1538410100.6197,
    "side": "s",
    "TS2": 1538410116703472061
  },
  {
    "sym": "XETHZUSD",
    "T": "Trade",
    "P": 225.5,
    "Q": 2.5,
    "TS": 1538410100.6252,
    "side": "s",
    "TS2": 1538410116703525064
  },
  {
    "sym": "XETHZUSD",
    "T": "Trade",
    "P": 225.3,
    "Q": 81.2527,
    "TS": 1538410100.6275,
    "side": "s",
    "TS2": 1538410116703571604
  },
  {
    "sym": "XETHZUSD",
    "T": "Trade",
    "P": 225.3,
    "Q": 3,
    "TS": 1538410108.4241,
    "side": "s",
    "TS2": 1538410116703616727
  },
  {
    "sym": "XETHZUSD",
    "T": "Trade",
    "P": 225.23,
    "Q": 77,
    "TS": 1538410108.4568,
    "side": "s",
    "TS2": 1538410116703660071
  },
  {
    "sym": "XXBTZUSD",
    "T": "Trade",
    "P": 6530,
    "Q": 0.308003,
    "TS": 1538410103.1985,
    "side": "s",
    "TS2": 1538410139185663486
  },
  {
    "sym": "XXBTZUSD",
    "T": "Trade",
    "P": 6530,
    "Q": 0.00079707,
    "TS": 1538410103.2062,
    "side": "s",
    "TS2": 1538410139185733716
  },
  {
    "sym": "XXBTZUSD",
    "T": "Trade",
    "P": 6530,
    "Q": 0.1712,
    "TS": 1538410103.2142,
    "side": "s",
    "TS2": 1538410139185784491
  },
  {
    "sym": "XXBTZUSD",
    "T": "Trade",
    "P": 6529.7,
    "Q": 0.8288,
    "TS": 1538410103.2181,
    "side": "s",
    "TS2": 1538410139185830316
  },
  {
    "sym": "XXBTZUSD",
    "T": "Trade",
    "P": 6532.3,
    "Q": 0.467391,
    "TS": 1538410120.0212,
    "side": "b",
    "TS2": 1538410139185874715
  },
  {
    "sym": "XXBTZUSD",
    "T": "Trade",
    "P": 6532.3,
    "Q": 0.0326095,
    "TS": 1538410120.0267,
    "side": "b",
    "TS2": 1538410139185919167
  },
  {
    "sym": "XXBTZUSD",
    "T": "Trade",
    "P": 6532.4,
    "Q": 0.347524,
    "TS": 1538410120.03,
    "side": "b",
    "TS2": 1538410139185963411
  },
  {
    "sym": "XXBTZUSD",
    "T": "Trade",
    "P": 6529.8,
    "Q": 0.621496,
    "TS": 1538410132.1627,
    "side": "s",
    "TS2": 1538410139186007845
  },
  {
    "sym": "XXRPXXBT",
    "T": "Trade",
    "P": 8.345e-05,
    "Q": 1530.5,
    "TS": 1538410101.4815,
    "side": "b",
    "TS2": 1538410141551983758
  },
  {
    "sym": "EOSXBT",
    "T": "Trade",
    "P": 0.0008472,
    "Q": 140.31,
    "TS": 1538410134.4857,
    "side": "s",
    "TS2": 1538410152091034910
  },
  {
    "sym": "EOSXBT",
    "T": "Trade",
    "P": 0.0008472,
    "Q": 20,
    "TS": 1538410134.4926,
    "side": "s",
    "TS2": 1538410152091088620
  },
  {
    "sym": "QTUMEUR",
    "T": "Trade",
    "P": 3.26536,
    "Q": 10.6823,
    "TS": 1538410131.8645,
    "side": "s",
    "TS2": 1538410153952610028
  },
  {
    "sym": "QTUMXBT",
    "T": "Trade",
    "P": 0.0005763,
    "Q": 10.6926,
    "TS": 1538410131.8231,
    "side": "b",
    "TS2": 1538410155186925889
  },
  {
    "sym": "XETHXXBT",
    "T": "Trade",
    "P": 0.0345,
    "Q": 0.245268,
    "TS": 1538410129.6727,
    "side": "s",
    "TS2": 1538410156736216740
  },
  {
    "sym": "XETHXXBT",
    "T": "Trade",
    "P": 0.03451,
    "Q": 2,
    "TS": 1538410137.1556,
    "side": "b",
    "TS2": 1538410156736269249
  },
  {
    "sym": "XETHXXBT",
    "T": "Trade",
    "P": 0.03451,
    "Q": 1.28416,
    "TS": 1538410137.1657,
    "side": "b",
    "TS2": 1538410156736316127
  },
  {
    "sym": "XETHZUSD",
    "T": "Trade",
    "P": 225.39,
    "Q": 0.150408,
    "TS": 1538410118.0274,
    "side": "b",
    "TS2": 1538410157104877338
  },
  {
    "sym": "XETHZUSD",
    "T": "Trade",
    "P": 225.59,
    "Q": 1.952,
    "TS": 1538410120.0374,
    "side": "b",
    "TS2": 1538410157104930572
  },
  {
    "sym": "XETHZUSD",
    "T": "Trade",
    "P": 225.07,
    "Q": 22.74,
    "TS": 1538410131.071,
    "side": "s",
    "TS2": 1538410157104977362
  },
  {
    "sym": "XETHZUSD",
    "T": "Trade",
    "P": 225.05,
    "Q": 1,
    "TS": 1538410131.0795,
    "side": "s",
    "TS2": 1538410157105022127
  },
  {
    "sym": "XETHZUSD",
    "T": "Trade",
    "P": 225,
    "Q": 0.66666,
    "TS": 1538410131.0826,
    "side": "s",
    "TS2": 1538410157105065667
  },
  {
    "sym": "XETHZUSD",
    "T": "Trade",
    "P": 225,
    "Q": 0.198868,
    "TS": 1538410131.0854,
    "side": "s",
    "TS2": 1538410157105109465
  },
  {
    "sym": "XETHZUSD",
    "T": "Trade",
    "P": 224.95,
    "Q": 4.32576,
    "TS": 1538410131.0878,
    "side": "s",
    "TS2": 1538410157105153075
  },
  {
    "sym": "XETHZUSD",
    "T": "Trade",
    "P": 224.94,
    "Q": 31.0687,
    "TS": 1538410131.0912,
    "side": "s",
    "TS2": 1538410157105196353
  },
  {
    "sym": "XETHZUSD",
    "T": "Trade",
    "P": 224.94,
    "Q": 0.5,
    "TS": 1538410131.1008,
    "side": "s",
    "TS2": 1538410157105249888
  },
  {
    "sym": "XETHZUSD",
    "T": "Trade",
    "P": 224.94,
    "Q": 10,
    "TS": 1538410131.1067,
    "side": "s",
    "TS2": 1538410157105296947
  },
  {
    "sym": "XETHZUSD",
    "T": "Trade",
    "P": 224.94,
    "Q": 0.02,
    "TS": 1538410148.3444,
    "side": "b",
    "TS2": 1538410157105340644
  },
  {
    "sym": "XXRPXXBT",
    "T": "Trade",
    "P": 8.324e-05,
    "Q": 1201.35,
    "TS": 1538410148.7901,
    "side": "s",
    "TS2": 1538410164787467922
  },
  {
    "sym": "XXRPXXBT",
    "T": "Trade",
    "P": 8.31e-05,
    "Q": 798.654,
    "TS": 1538410148.7963,
    "side": "s",
    "TS2": 1538410164787521126
  },
  {
    "sym": "ADAXBT",
    "T": "Trade",
    "P": 1.271e-05,
    "Q": 3681.95,
    "TS": 1538410169.7962,
    "side": "b",
    "TS2": 1538410171514789243
  },
  {
    "sym": "QTUMEUR",
    "T": "Trade",
    "P": 3.26536,
    "Q": 75.7272,
    "TS": 1538410163.2597,
    "side": "s",
    "TS2": 1538410174997988019
  },
  {
    "sym": "QTUMEUR",
    "T": "Trade",
    "P": 3.26536,
    "Q": 167.383,
    "TS": 1538410163.8314,
    "side": "s",
    "TS2": 1538410174998040857
  },
  {
    "sym": "QTUMXBT",
    "T": "Trade",
    "P": 0.0005763,
    "Q": 75.803,
    "TS": 1538410163.387,
    "side": "b",
    "TS2": 1538410176174707530
  },
  {
    "sym": "QTUMXBT",
    "T": "Trade",
    "P": 0.0005763,
    "Q": 15.9442,
    "TS": 1538410164.0678,
    "side": "b",
    "TS2": 1538410176174761215
  },
  {
    "sym": "QTUMXBT",
    "T": "Trade",
    "P": 0.0005764,
    "Q": 53.6745,
    "TS": 1538410164.0719,
    "side": "b",
    "TS2": 1538410176174809196
  },
  {
    "sym": "QTUMXBT",
    "T": "Trade",
    "P": 0.0005764,
    "Q": 22.128,
    "TS": 1538410164.0745,
    "side": "b",
    "TS2": 1538410176174854861
  },
  {
    "sym": "XETHZUSD",
    "T": "Trade",
    "P": 224.95,
    "Q": 1,
    "TS": 1538410160.6298,
    "side": "s",
    "TS2": 1538410179016025470
  },
  {
    "sym": "XETHZUSD",
    "T": "Trade",
    "P": 224.96,
    "Q": 63.65,
    "TS": 1538410172.333,
    "side": "s",
    "TS2": 1538410179016078458
  },
  {
    "sym": "XLTCXXBT",
    "T": "Trade",
    "P": 0.009117,
    "Q": 3.65903,
    "TS": 1538410174.0001,
    "side": "s",
    "TS2": 1538410180784565661
  },
  {
    "sym": "XLTCZUSD",
    "T": "Trade",
    "P": 59.67,
    "Q": 3.65903,
    "TS": 1538410164.8253,
    "side": "s",
    "TS2": 1538410181307557039
  },
  {
    "sym": "XXBTZUSD",
    "T": "Trade",
    "P": 6529.7,
    "Q": 5,
    "TS": 1538410164.6744,
    "side": "s",
    "TS2": 1538410183746987556
  },
  {
    "sym": "XXBTZUSD",
    "T": "Trade",
    "P": 6529.7,
    "Q": 4.2e-07,
    "TS": 1538410164.6783,
    "side": "s",
    "TS2": 1538410183747040404
  },
  {
    "sym": "XXBTZUSD",
    "T": "Trade",
    "P": 6529.2,
    "Q": 5,
    "TS": 1538410171.0364,
    "side": "s",
    "TS2": 1538410183747088598
  },
  {
    "sym": "XXBTZUSD",
    "T": "Trade",
    "P": 6529.2,
    "Q": 4.2e-07,
    "TS": 1538410171.0456,
    "side": "s",
    "TS2": 1538410183747132764
  },
  {
    "sym": "XXBTZUSD",
    "T": "Trade",
    "P": 6528.1,
    "Q": 0.802007,
    "TS": 1538410172.817,
    "side": "s",
    "TS2": 1538410183747177216
  },
  {
    "sym": "XXBTZUSD",
    "T": "Trade",
    "P": 6528.1,
    "Q": 0.00192021,
    "TS": 1538410172.8216,
    "side": "s",
    "TS2": 1538410183747221868
  },
  {
    "sym": "XXBTZUSD",
    "T": "Trade",
    "P": 6528.1,
    "Q": 2.99e-06,
    "TS": 1538410172.8263,
    "side": "s",
    "TS2": 1538410183747266232
  },
  {
    "sym": "XXBTZUSD",
    "T": "Trade",
    "P": 6528.2,
    "Q": 0.010759,
    "TS": 1538410180.2665,
    "side": "b",
    "TS2": 1538410183747310037
  },
  {
    "sym": "XXRPXXBT",
    "T": "Trade",
    "P": 8.31e-05,
    "Q": 1371.35,
    "TS": 1538410167.8277,
    "side": "s",
    "TS2": 1538410185879598738
  },
  {
    "sym": "XXRPXXBT",
    "T": "Trade",
    "P": 8.303e-05,
    "Q": 271.602,
    "TS": 1538410167.8352,
    "side": "s",
    "TS2": 1538410185879652361
  },
  {
    "sym": "XXRPXXBT",
    "T": "Trade",
    "P": 8.301e-05,
    "Q": 271.587,
    "TS": 1538410167.8379,
    "side": "s",
    "TS2": 1538410185879700281
  },
  {
    "sym": "XXRPXXBT",
    "T": "Trade",
    "P": 8.297e-05,
    "Q": 85.4658,
    "TS": 1538410167.8414,
    "side": "s",
    "TS2": 1538410185879745435
  },
  {
    "sym": "XXRPXXBT",
    "T": "Trade",
    "P": 8.297e-05,
    "Q": 36.2771,
    "TS": 1538410167.8517,
    "side": "s",
    "TS2": 1538410185879790215
  },
  {
    "sym": "XXRPXXBT",
    "T": "Trade",
    "P": 8.27e-05,
    "Q": 121.271,
    "TS": 1538410167.855,
    "side": "s",
    "TS2": 1538410185879834401
  },
  {
    "sym": "XXRPXXBT",
    "T": "Trade",
    "P": 8.27e-05,
    "Q": 42.4518,
    "TS": 1538410167.858,
    "side": "s",
    "TS2": 1538410185879879096
  },
  {
    "sym": "ADAEUR",
    "T": "Trade",
    "P": 0.072002,
    "Q": 3678.26,
    "TS": 1538410169.7193,
    "side": "s",
    "TS2": 1538410193037480989
  },
  {
    "sym": "ADAEUR",
    "T": "Trade",
    "P": 0.072001,
    "Q": 1316.74,
    "TS": 1538410191.2149,
    "side": "s",
    "TS2": 1538410193037535346
  },
  {
    "sym": "ADAXBT",
    "T": "Trade",
    "P": 1.271e-05,
    "Q": 1318.05,
    "TS": 1538410191.1242,
    "side": "b",
    "TS2": 1538410194051082152
  },
  {
    "sym": "XETHXXBT",
    "T": "Trade",
    "P": 0.03452,
    "Q": 0.0468206,
    "TS": 1538410187.6754,
    "side": "b",
    "TS2": 1538410199689606980
  },
  {
    "sym": "XETHZUSD",
    "T": "Trade",
    "P": 225.1,
    "Q": 21.41,
    "TS": 1538410188.8502,
    "side": "s",
    "TS2": 1538410200033188613
  },
  {
    "sym": "XETHZUSD",
    "T": "Trade",
    "P": 225.14,
    "Q": 45.0177,
    "TS": 1538410194.617,
    "side": "s",
    "TS2": 1538410200033241475
  },
  {
    "sym": "XLTCZUSD",
    "T": "Trade",
    "P": 59.58,
    "Q": 6.7,
    "TS": 1538410181.3362,
    "side": "s",
    "TS2": 1538410201777887954
  },
  {
    "sym": "XMLNXXBT",
    "T": "Trade",
    "P": 0.00157,
    "Q": 2,
    "TS": 1538410193.5195,
    "side": "b",
    "TS2": 1538410202681032599
  },
  {
    "sym": "XXBTZUSD",
    "T": "Trade",
    "P": 6525.9,
    "Q": 0.0383089,
    "TS": 1538410199.829,
    "side": "s",
    "TS2": 1538410203981287762
  },
  {
    "sym": "XXBTZUSD",
    "T": "Trade",
    "P": 6525,
    "Q": 0.25403,
    "TS": 1538410200.9155,
    "side": "b",
    "TS2": 1538410203981351204
  },
  {
    "sym": "XXRPXXBT",
    "T": "Trade",
    "P": 8.3e-05,
    "Q": 1000,
    "TS": 1538410199.5803,
    "side": "b",
    "TS2": 1538410205854705347
  },
  {
    "sym": "XXRPXXBT",
    "T": "Trade",
    "P": 8.317e-05,
    "Q": 276.755,
    "TS": 1538410205.4799,
    "side": "b",
    "TS2": 1538410205854759044
  },
  {
    "sym": "XXRPXXBT",
    "T": "Trade",
    "P": 8.337e-05,
    "Q": 223.245,
    "TS": 1538410205.4832,
    "side": "b",
    "TS2": 1538410205854808153
  },
  {
    "sym": "ADAEUR",
    "T": "Trade",
    "P": 0.072001,
    "Q": 3976.36,
    "TS": 1538410197.8877,
    "side": "s",
    "TS2": 1538410211892820594
  },
  {
    "sym": "ADAEUR",
    "T": "Trade",
    "P": 0.072,
    "Q": 159.57,
    "TS": 1538410200.9936,
    "side": "s",
    "TS2": 1538410211892875257
  },
  {
    "sym": "ADAEUR",
    "T": "Trade",
    "P": 0.072,
    "Q": 60,
    "TS": 1538410200.997,
    "side": "s",
    "TS2": 1538410211892922511
  },
  {
    "sym": "ADAEUR",
    "T": "Trade",
    "P": 0.072,
    "Q": 717.676,
    "TS": 1538410201.0006,
    "side": "s",
    "TS2": 1538410211892967301
  },
  {
    "sym": "ADAEUR",
    "T": "Trade",
    "P": 0.072,
    "Q": 360.303,
    "TS": 1538410201.0039,
    "side": "s",
    "TS2": 1538410211893011705
  },
  {
    "sym": "ADAEUR",
    "T": "Trade",
    "P": 0.072,
    "Q": 88.7486,
    "TS": 1538410201.0076,
    "side": "s",
    "TS2": 1538410211893055661
  },
  {
    "sym": "ADAEUR",
    "T": "Trade",
    "P": 0.07199,
    "Q": 50,
    "TS": 1538410203.9937,
    "side": "s",
    "TS2": 1538410211893099401
  },
  {
    "sym": "ADAEUR",
    "T": "Trade",
    "P": 0.07199,
    "Q": 1000,
    "TS": 1538410203.9986,
    "side": "s",
    "TS2": 1538410211893142477
  },
  {
    "sym": "ADAXBT",
    "T": "Trade",
    "P": 1.271e-05,
    "Q": 3980.34,
    "TS": 1538410197.6377,
    "side": "b",
    "TS2": 1538410212827655999
  },
  {
    "sym": "ADAXBT",
    "T": "Trade",
    "P": 1.27e-05,
    "Q": 0.826771,
    "TS": 1538410198.3116,
    "side": "s",
    "TS2": 1538410212827709757
  },
  {
    "sym": "ADAXBT",
    "T": "Trade",
    "P": 1.269e-05,
    "Q": 242.173,
    "TS": 1538410198.315,
    "side": "s",
    "TS2": 1538410212827757262
  },
  {
    "sym": "ADAXBT",
    "T": "Trade",
    "P": 1.271e-05,
    "Q": 1388.68,
    "TS": 1538410201.0389,
    "side": "b",
    "TS2": 1538410212827813801
  },
  {
    "sym": "ADAXBT",
    "T": "Trade",
    "P": 1.27e-05,
    "Q": 1050.06,
    "TS": 1538410203.8194,
    "side": "b",
    "TS2": 1538410212827862123
  },
  {
    "sym": "ADAXBT",
    "T": "Trade",
    "P": 1.27e-05,
    "Q": 1051.05,
    "TS": 1538410203.959,
    "side": "b",
    "TS2": 1538410212827906801
  },
  {
    "sym": "ADAXBT",
    "T": "Trade",
    "P": 1.269e-05,
    "Q": 7915,
    "TS": 1538410207.4505,
    "side": "s",
    "TS2": 1538410212827951027
  },
  {
    "sym": "EOSXBT",
    "T": "Trade",
    "P": 0.0008465,
    "Q": 400,
    "TS": 1538410200.0616,
    "side": "s",
    "TS2": 1538410214982965843
  },
  {
    "sym": "EOSXBT",
    "T": "Trade",
    "P": 0.0008464,
    "Q": 20,
    "TS": 1538410200.0657,
    "side": "s",
    "TS2": 1538410214983019480
  },
  {
    "sym": "EOSXBT",
    "T": "Trade",
    "P": 0.000845,
    "Q": 300.3,
    "TS": 1538410200.8948,
    "side": "b",
    "TS2": 1538410214983066744
  },
  {
    "sym": "EOSXBT",
    "T": "Trade",
    "P": 0.000845,
    "Q": 93.9,
    "TS": 1538410202.5476,
    "side": "b",
    "TS2": 1538410214983112625
  },
  {
    "sym": "EOSXBT",
    "T": "Trade",
    "P": 0.000845,
    "Q": 44.08,
    "TS": 1538410202.6318,
    "side": "b",
    "TS2": 1538410214983157299
  },
  {
    "sym": "EOSXBT",
    "T": "Trade",
    "P": 0.000845,
    "Q": 49.78,
    "TS": 1538410202.7137,
    "side": "b",
    "TS2": 1538410214983214155
  },
  {
    "sym": "EOSXBT",
    "T": "Trade",
    "P": 0.000845,
    "Q": 47.4816,
    "TS": 1538410203.1231,
    "side": "b",
    "TS2": 1538410214983261805
  },
  {
    "sym": "EOSXBT",
    "T": "Trade",
    "P": 0.000845,
    "Q": 49.7888,
    "TS": 1538410205.8563,
    "side": "b",
    "TS2": 1538410214983306946
  },
  {
    "sym": "EOSXBT",
    "T": "Trade",
    "P": 0.000845,
    "Q": 143.694,
    "TS": 1538410206.7282,
    "side": "b",
    "TS2": 1538410214983350932
  },
  {
    "sym": "EOSXBT",
    "T": "Trade",
    "P": 0.000845,
    "Q": 7.8796,
    "TS": 1538410207.2346,
    "side": "b",
    "TS2": 1538410214983395524
  },
  {
    "sym": "EOSXBT",
    "T": "Trade",
    "P": 0.000845,
    "Q": 50.0501,
    "TS": 1538410207.4999,
    "side": "b",
    "TS2": 1538410214983438886
  },
  {
    "sym": "EOSXBT",
    "T": "Trade",
    "P": 0.000845,
    "Q": 121.74,
    "TS": 1538410208.3426,
    "side": "b",
    "TS2": 1538410214983482941
  },
  {
    "sym": "EOSXBT",
    "T": "Trade",
    "P": 0.000845,
    "Q": 12.306,
    "TS": 1538410208.3766,
    "side": "b",
    "TS2": 1538410214983526887
  },
  {
    "sym": "XETHZUSD",
    "T": "Trade",
    "P": 224.86,
    "Q": 5,
    "TS": 1538410202.1937,
    "side": "s",
    "TS2": 1538410218773368290
  },
  {
    "sym": "XETHZUSD",
    "T": "Trade",
    "P": 224.85,
    "Q": 7.45,
    "TS": 1538410202.1985,
    "side": "s",
    "TS2": 1538410218773420807
  },
  {
    "sym": "XETHZUSD",
    "T": "Trade",
    "P": 224.99,
    "Q": 0.02,
    "TS": 1538410205.4002,
    "side": "s",
    "TS2": 1538410218773477985
  },
  {
    "sym": "XETHZUSD",
    "T": "Trade",
    "P": 224.99,
    "Q": 7.15,
    "TS": 1538410209.3238,
    "side": "s",
    "TS2": 1538410218773526909
  },
  {
    "sym": "XETHZUSD",
    "T": "Trade",
    "P": 224.83,
    "Q": 5,
    "TS": 1538410216.0122,
    "side": "s",
    "TS2": 1538410218773586501
  },
  {
    "sym": "XXBTZUSD",
    "T": "Trade",
    "P": 6523.6,
    "Q": 0.12156,
    "TS": 1538410206.7764,
    "side": "b",
    "TS2": 1538410224207572921
  },
  {
    "sym": "XXBTZUSD",
    "T": "Trade",
    "P": 6523.5,
    "Q": 0.0423407,
    "TS": 1538410207.4937,
    "side": "b",
    "TS2": 1538410224207626526
  },
  {
    "sym": "XXBTZUSD",
    "T": "Trade",
    "P": 6522.1,
    "Q": 0.015,
    "TS": 1538410212.3992,
    "side": "s",
    "TS2": 1538410224207674321
  },
  {
    "sym": "XXBTZUSD",
    "T": "Trade",
    "P": 6523.6,
    "Q": 0.00828964,
    "TS": 1538410219.4114,
    "side": "b",
    "TS2": 1538410224207719304
  },
  {
    "sym": "XETHZUSD",
    "T": "Trade",
    "P": 225.2,
    "Q": 0.5,
    "TS": 1538410231.1342,
    "side": "s",
    "TS2": 1538410239511918131
  },
  {
    "sym": "XETHZUSD",
    "T": "Trade",
    "P": 225.43,
    "Q": 0.0882,
    "TS": 1538410234.3129,
    "side": "b",
    "TS2": 1538410239511971593
  },
  {
    "sym": "XETHZUSD",
    "T": "Trade",
    "P": 225.43,
    "Q": 0.7418,
    "TS": 1538410235.1572,
    "side": "b",
    "TS2": 1538410239512019403
  },
  {
    "sym": "XETHZUSD",
    "T": "Trade",
    "P": 225.44,
    "Q": 0.0882,
    "TS": 1538410235.1692,
    "side": "s",
    "TS2": 1538410239512064276
  },
  {
    "sym": "XETHZUSD",
    "T": "Trade",
    "P": 225.42,
    "Q": 0.1118,
    "TS": 1538410235.1737,
    "side": "s",
    "TS2": 1538410239512108395
  },
  {
    "sym": "XETHZUSD",
    "T": "Trade",
    "P": 225.42,
    "Q": 7.8782,
    "TS": 1538410235.1778,
    "side": "s",
    "TS2": 1538410239512152217
  },
  {
    "sym": "XETHZUSD",
    "T": "Trade",
    "P": 225.4,
    "Q": 6.8418,
    "TS": 1538410235.1807,
    "side": "s",
    "TS2": 1538410239512195795
  },
  {
    "sym": "XETHZUSD",
    "T": "Trade",
    "P": 225.49,
    "Q": 0.077,
    "TS": 1538410235.6889,
    "side": "b",
    "TS2": 1538410239512239209
  },
  {
    "sym": "XETHZUSD",
    "T": "Trade",
    "P": 225.55,
    "Q": 0.086,
    "TS": 1538410236.8243,
    "side": "b",
    "TS2": 1538410239512283437
  },
  {
    "sym": "XLTCZUSD",
    "T": "Trade",
    "P": 59.51,
    "Q": 2.4,
    "TS": 1538410226.0585,
    "side": "s",
    "TS2": 1538410241523482840
  },
  {
    "sym": "XXRPXXBT",
    "T": "Trade",
    "P": 8.328e-05,
    "Q": 500,
    "TS": 1538410250.7142,
    "side": "b",
    "TS2": 1538410250854109376
  },
  {
    "sym": "ADAEUR",
    "T": "Trade",
    "P": 0.071983,
    "Q": 347.28,
    "TS": 1538410234.2487,
    "side": "b",
    "TS2": 1538410256880539898
  },
  {
    "sym": "ADAEUR",
    "T": "Trade",
    "P": 0.071913,
    "Q": 701.725,
    "TS": 1538410239.08,
    "side": "s",
    "TS2": 1538410256880593390
  },
  {
    "sym": "ADAXBT",
    "T": "Trade",
    "P": 1.269e-05,
    "Q": 0.728819,
    "TS": 1538410248.4474,
    "side": "s",
    "TS2": 1538410257921319695
  },
  {
    "sym": "ADAXBT",
    "T": "Trade",
    "P": 1.269e-05,
    "Q": 156.271,
    "TS": 1538410248.451,
    "side": "s",
    "TS2": 1538410257921382927
  },
  {
    "sym": "BCHXBT",
    "T": "Trade",
    "P": 0.08044,
    "Q": 9.522,
    "TS": 1538410234.5414,
    "side": "b",
    "TS2": 1538410258451124139
  },
  {
    "sym": "XETHZUSD",
    "T": "Trade",
    "P": 225.55,
    "Q": 0.2,
    "TS": 1538410259.5172,
    "side": "s",
    "TS2": 1538410264481996188
  },
  {
    "sym": "XETHZUSD",
    "T": "Trade",
    "P": 225.55,
    "Q": 0.02,
    "TS": 1538410263.8949,
    "side": "s",
    "TS2": 1538410264482049372
  },
  {
    "sym": "XXBTZUSD",
    "T": "Trade",
    "P": 6523.7,
    "Q": 0.016,
    "TS": 1538410248.2134,
    "side": "b",
    "TS2": 1538410268947198586
  },
  {
    "sym": "XXBTZUSD",
    "T": "Trade",
    "P": 6523.7,
    "Q": 0.006478,
    "TS": 1538410249.9871,
    "side": "b",
    "TS2": 1538410268947252486
  },
  {
    "sym": "XXBTZUSD",
    "T": "Trade",
    "P": 6523.7,
    "Q": 0.016,
    "TS": 1538410254.572,
    "side": "b",
    "TS2": 1538410268947300492
  },
  {
    "sym": "ADAXBT",
    "T": "Trade",
    "P": 1.269e-05,
    "Q": 2475.99,
    "TS": 1538410273.9885,
    "side": "s",
    "TS2": 1538410277396649302
  },
  {
    "sym": "ADAXBT",
    "T": "Trade",
    "P": 1.269e-05,
    "Q": 777.012,
    "TS": 1538410274.0123,
    "side": "s",
    "TS2": 1538410277396702328
  },
  {
    "sym": "GNOXBT",
    "T": "Trade",
    "P": 0.00406,
    "Q": 0.541542,
    "TS": 1538410268.9475,
    "side": "b",
    "TS2": 1538410279747606406
  },
  {
    "sym": "XETHXXBT",
    "T": "Trade",
    "P": 0.03457,
    "Q": 0.0505,
    "TS": 1538410278.0491,
    "side": "b",
    "TS2": 1538410282282177193
  },
  {
    "sym": "XETHZUSD",
    "T": "Trade",
    "P": 225.55,
    "Q": 0.757589,
    "TS": 1538410277.0181,
    "side": "s",
    "TS2": 1538410282653466171
  },
  {
    "sym": "XETHZUSD",
    "T": "Trade",
    "P": 225.55,
    "Q": 0.0224112,
    "TS": 1538410277.0248,
    "side": "s",
    "TS2": 1538410282653519204
  },
  {
    "sym": "XETHZUSD",
    "T": "Trade",
    "P": 225.29,
    "Q": 8,
    "TS": 1538410277.0306,
    "side": "s",
    "TS2": 1538410282653581010
  },
  {
    "sym": "XETHZUSD",
    "T": "Trade",
    "P": 225.28,
    "Q": 8.22,
    "TS": 1538410277.0335,
    "side": "s",
    "TS2": 1538410282653627895
  },
  {
    "sym": "XETHZUSD",
    "T": "Trade",
    "P": 225.14,
    "Q": 1,
    "TS": 1538410280.6878,
    "side": "s",
    "TS2": 1538410282653671430
  },
  {
    "sym": "XXRPXXBT",
    "T": "Trade",
    "P": 8.325e-05,
    "Q": 265.087,
    "TS": 1538410276.2637,
    "side": "b",
    "TS2": 1538410288490187753
  },
  {
    "sym": "XETHZUSD",
    "T": "Trade",
    "P": 225.21,
    "Q": 0.45,
    "TS": 1538410289.2485,
    "side": "s",
    "TS2": 1538410302588194477
  },
  {
    "sym": "XETHZUSD",
    "T": "Trade",
    "P": 225.21,
    "Q": 4.55,
    "TS": 1538410292.0082,
    "side": "s",
    "TS2": 1538410302588247869
  },
  {
    "sym": "XETHZUSD",
    "T": "Trade",
    "P": 225.21,
    "Q": 2.14,
    "TS": 1538410292.0219,
    "side": "s",
    "TS2": 1538410302588294739
  },
  {
    "sym": "XXBTZUSD",
    "T": "Trade",
    "P": 6523.6,
    "Q": 0.0401949,
    "TS": 1538410287.2052,
    "side": "s",
    "TS2": 1538410306971039154
  },
  {
    "sym": "XXBTZUSD",
    "T": "Trade",
    "P": 6523.7,
    "Q": 0.00629171,
    "TS": 1538410300.5302,
    "side": "b",
    "TS2": 1538410306971093245
  },
  {
    "sym": "ADAXBT",
    "T": "Trade",
    "P": 1.27e-05,
    "Q": 2300,
    "TS": 1538410301.4356,
    "side": "b",
    "TS2": 1538410316434868944
  },
  {
    "sym": "XETHZUSD",
    "T": "Trade",
    "P": 225.26,
    "Q": 1.5,
    "TS": 1538410308.4523,
    "side": "s",
    "TS2": 1538410323630912857
  },
  {
    "sym": "XETHZUSD",
    "T": "Trade",
    "P": 225.27,
    "Q": 0.9,
    "TS": 1538410321.1112,
    "side": "s",
    "TS2": 1538410323630965980
  },
  {
    "sym": "XLTCZUSD",
    "T": "Trade",
    "P": 59.54,
    "Q": 0.1,
    "TS": 1538410321.9564,
    "side": "s",
    "TS2": 1538410325474971727
  },
  {
    "sym": "ADAEUR",
    "T": "Trade",
    "P": 0.072058,
    "Q": 5637.25,
    "TS": 1538410321.9434,
    "side": "b",
    "TS2": 1538410337309272748
  },
  {
    "sym": "ADAEUR",
    "T": "Trade",
    "P": 0.072059,
    "Q": 4067.38,
    "TS": 1538410321.9487,
    "side": "b",
    "TS2": 1538410337309326694
  },
  {
    "sym": "ADAXBT",
    "T": "Trade",
    "P": 1.269e-05,
    "Q": 0.0245943,
    "TS": 1538410324.4431,
    "side": "s",
    "TS2": 1538410338368022721
  },
  {
    "sym": "ADAXBT",
    "T": "Trade",
    "P": 1.269e-05,
    "Q": 511.405,
    "TS": 1538410324.448,
    "side": "s",
    "TS2": 1538410338368076107
  },
  {
    "sym": "ADAXBT",
    "T": "Trade",
    "P": 1.269e-05,
    "Q": 2999.57,
    "TS": 1538410324.4507,
    "side": "s",
    "TS2": 1538410338368123589
  },
  {
    "sym": "XETHZUSD",
    "T": "Trade",
    "P": 225.28,
    "Q": 0.3,
    "TS": 1538410323.7536,
    "side": "s",
    "TS2": 1538410344348394351
  },
  {
    "sym": "XETHZUSD",
    "T": "Trade",
    "P": 225.28,
    "Q": 5,
    "TS": 1538410332.1394,
    "side": "s",
    "TS2": 1538410344348447930
  },
  {
    "sym": "XETHZUSD",
    "T": "Trade",
    "P": 225.26,
    "Q": 1.57,
    "TS": 1538410332.1509,
    "side": "s",
    "TS2": 1538410344348494199
  },
  {
    "sym": "XETHZUSD",
    "T": "Trade",
    "P": 225.28,
    "Q": 5,
    "TS": 1538410353.2863,
    "side": "s",
    "TS2": 1538410363257776825
  },
  {
    "sym": "XETHZUSD",
    "T": "Trade",
    "P": 225.26,
    "Q": 3.43,
    "TS": 1538410353.344,
    "side": "s",
    "TS2": 1538410363257829389
  },
  {
    "sym": "XETHZUSD",
    "T": "Trade",
    "P": 225.16,
    "Q": 14.19,
    "TS": 1538410353.3471,
    "side": "s",
    "TS2": 1538410363257875849
  },
  {
    "sym": "XETHZUSD",
    "T": "Trade",
    "P": 225.16,
    "Q": 37.38,
    "TS": 1538410353.3508,
    "side": "s",
    "TS2": 1538410363257920887
  },
  {
    "sym": "XETHZUSD",
    "T": "Trade",
    "P": 225.28,
    "Q": 4.62,
    "TS": 1538410359.1464,
    "side": "s",
    "TS2": 1538410363257964890
  },
  {
    "sym": "XETHZUSD",
    "T": "Trade",
    "P": 225.28,
    "Q": 0.05,
    "TS": 1538410361.1809,
    "side": "s",
    "TS2": 1538410363258008327
  },
  {
    "sym": "ADAXBT",
    "T": "Trade",
    "P": 1.269e-05,
    "Q": 462,
    "TS": 1538410362.7035,
    "side": "s",
    "TS2": 1538410375336941256
  },
  {
    "sym": "ADAXBT",
    "T": "Trade",
    "P": 1.269e-05,
    "Q": 133,
    "TS": 1538410367.24,
    "side": "s",
    "TS2": 1538410375336995144
  },
  {
    "sym": "XETHZUSD",
    "T": "Trade",
    "P": 225.28,
    "Q": 0.33,
    "TS": 1538410376.0387,
    "side": "s",
    "TS2": 1538410381167852508
  },
  {
    "sym": "XETHZUSD",
    "T": "Trade",
    "P": 225.28,
    "Q": 2.07,
    "TS": 1538410376.0652,
    "side": "s",
    "TS2": 1538410381167905754
  },
  {
    "sym": "XLTCZUSD",
    "T": "Trade",
    "P": 59.54,
    "Q": 0.2,
    "TS": 1538410378.9007,
    "side": "s",
    "TS2": 1538410383130145758
  },
  {
    "sym": "XMLNXETH",
    "T": "Trade",
    "P": 0.04538,
    "Q": 1.1,
    "TS": 1538410369.619,
    "side": "s",
    "TS2": 1538410383526706814
  },
  {
    "sym": "XXBTZUSD",
    "T": "Trade",
    "P": 6523.7,
    "Q": 0.005756,
    "TS": 1538410378.843,
    "side": "b",
    "TS2": 1538410385982653182
  },
  {
    "sym": "XETHZUSD",
    "T": "Trade",
    "P": 225.16,
    "Q": 23.9473,
    "TS": 1538410384.2656,
    "side": "s",
    "TS2": 1538410402915310108
  },
  {
    "sym": "XETHZUSD",
    "T": "Trade",
    "P": 225.16,
    "Q": 0.0525685,
    "TS": 1538410384.2753,
    "side": "s",
    "TS2": 1538410402915363390
  },
  {
    "sym": "XETHZUSD",
    "T": "Trade",
    "P": 225.16,
    "Q": 0.0001154,
    "TS": 1538410384.2773,
    "side": "s",
    "TS2": 1538410402915411343
  },
  {
    "sym": "XETHZUSD",
    "T": "Trade",
    "P": 225.14,
    "Q": 0.42,
    "TS": 1538410385.9817,
    "side": "s",
    "TS2": 1538410402915456559
  },
  {
    "sym": "XETHZUSD",
    "T": "Trade",
    "P": 225.15,
    "Q": 1.82,
    "TS": 1538410394.1149,
    "side": "s",
    "TS2": 1538410402915500698
  },
  {
    "sym": "XXRPXXBT",
    "T": "Trade",
    "P": 8.328e-05,
    "Q": 133,
    "TS": 1538410391.6455,
    "side": "s",
    "TS2": 1538410410874404967
  },
  {
    "sym": "ADAXBT",
    "T": "Trade",
    "P": 1.269e-05,
    "Q": 555,
    "TS": 1538410395.7112,
    "side": "s",
    "TS2": 1538410417553422453
  },
  {
    "sym": "ADAXBT",
    "T": "Trade",
    "P": 1.269e-05,
    "Q": 157,
    "TS": 1538410399.2605,
    "side": "s",
    "TS2": 1538410417553479195
  },
  {
    "sym": "ADAXBT",
    "T": "Trade",
    "P": 1.269e-05,
    "Q": 42.391,
    "TS": 1538410413.47,
    "side": "s",
    "TS2": 1538410417553527106
  },
  {
    "sym": "ADAXBT",
    "T": "Trade",
    "P": 1.269e-05,
    "Q": 297.068,
    "TS": 1538410413.4768,
    "side": "s",
    "TS2": 1538410417553587167
  },
  {
    "sym": "ADAXBT",
    "T": "Trade",
    "P": 1.269e-05,
    "Q": 122.541,
    "TS": 1538410413.4801,
    "side": "s",
    "TS2": 1538410417553635458
  },
  {
    "sym": "XETHZUSD",
    "T": "Trade",
    "P": 225.15,
    "Q": 1.63,
    "TS": 1538410406.4273,
    "side": "s",
    "TS2": 1538410423158948467
  },
  {
    "sym": "XXBTZUSD",
    "T": "Trade",
    "P": 6523.5,
    "Q": 0.1089,
    "TS": 1538410410.5633,
    "side": "s",
    "TS2": 1538410427407682217
  },
  {
    "sym": "XXBTZUSD",
    "T": "Trade",
    "P": 6523.7,
    "Q": 0.015,
    "TS": 1538410424.5722,
    "side": "b",
    "TS2": 1538410427407735449
  },
  {
    "sym": "ADAEUR",
    "T": "Trade",
    "P": 0.072057,
    "Q": 200,
    "TS": 1538410420.6717,
    "side": "b",
    "TS2": 1538410435047550525
  },
  {
    "sym": "ADAEUR",
    "T": "Trade",
    "P": 0.072,
    "Q": 5000,
    "TS": 1538410420.7102,
    "side": "s",
    "TS2": 1538410435047620308
  },
  {
    "sym": "ADAXBT",
    "T": "Trade",
    "P": 1.27e-05,
    "Q": 1789.39,
    "TS": 1538410420.9739,
    "side": "b",
    "TS2": 1538410436056822605
  },
  {
    "sym": "ADAXBT",
    "T": "Trade",
    "P": 1.27e-05,
    "Q": 3215.62,
    "TS": 1538410420.9782,
    "side": "b",
    "TS2": 1538410436056876854
  },
  {
    "sym": "XETHZUSD",
    "T": "Trade",
    "P": 225.15,
    "Q": 0.92,
    "TS": 1538410424.5927,
    "side": "s",
    "TS2": 1538410442518769332
  },
  {
    "sym": "XETHZUSD",
    "T": "Trade",
    "P": 225.14,
    "Q": 12.63,
    "TS": 1538410433.7203,
    "side": "s",
    "TS2": 1538410442518822335
  },
  {
    "sym": "XETHZUSD",
    "T": "Trade",
    "P": 225.14,
    "Q": 0.03024,
    "TS": 1538410433.7324,
    "side": "s",
    "TS2": 1538410442518869519
  },
  {
    "sym": "XETHZUSD",
    "T": "Trade",
    "P": 225.14,
    "Q": 7.045e-05,
    "TS": 1538410433.7344,
    "side": "s",
    "TS2": 1538410442518915071
  },
  {
    "sym": "XETHZUSD",
    "T": "Trade",
    "P": 225.14,
    "Q": 0.29,
    "TS": 1538410437.0471,
    "side": "s",
    "TS2": 1538410442518959771
  },
  {
    "sym": "XXBTZUSD",
    "T": "Trade",
    "P": 6523.7,
    "Q": 0.03,
    "TS": 1538410430.7292,
    "side": "b",
    "TS2": 1538410447573421811
  },
  {
    "sym": "ADAUSD",
    "T": "Trade",
    "P": 0.083,
    "Q": 8447,
    "TS": 1538410451.6047,
    "side": "s",
    "TS2": 1538410456221658686
  },
  {
    "sym": "ADAXBT",
    "T": "Trade",
    "P": 1.269e-05,
    "Q": 0.717393,
    "TS": 1538410442.1769,
    "side": "s",
    "TS2": 1538410456730933380
  },
  {
    "sym": "ADAXBT",
    "T": "Trade",
    "P": 1.269e-05,
    "Q": 1106.28,
    "TS": 1538410442.185,
    "side": "s",
    "TS2": 1538410456730986864
  },
  {
    "sym": "XETHZUSD",
    "T": "Trade",
    "P": 225.14,
    "Q": 0.23,
    "TS": 1538410443.7148,
    "side": "s",
    "TS2": 1538410463130272066
  },
  {
    "sym": "XETHZUSD",
    "T": "Trade",
    "P": 225.37,
    "Q": 5,
    "TS": 1538410460.743,
    "side": "b",
    "TS2": 1538410463130325004
  },
  {
    "sym": "XXBTZUSD",
    "T": "Trade",
    "P": 6523.7,
    "Q": 0.104865,
    "TS": 1538410451.9335,
    "side": "b",
    "TS2": 1538410467724934660
  },
  {
    "sym": "XXBTZUSD",
    "T": "Trade",
    "P": 6523.7,
    "Q": 0.002301,
    "TS": 1538410456.445,
    "side": "b",
    "TS2": 1538410467724988470
  },
  {
    "sym": "XXBTZUSD",
    "T": "Trade",
    "P": 6523.7,
    "Q": 0.0464593,
    "TS": 1538410464.035,
    "side": "b",
    "TS2": 1538410467725036391
  },
  {
    "sym": "XXBTZUSD",
    "T": "Trade",
    "P": 6523.8,
    "Q": 0.002,
    "TS": 1538410464.0474,
    "side": "b",
    "TS2": 1538410467725081650
  },
  {
    "sym": "XXBTZUSD",
    "T": "Trade",
    "P": 6525,
    "Q": 0.0557047,
    "TS": 1538410464.0527,
    "side": "b",
    "TS2": 1538410467725125432
  },
  {
    "sym": "XXRPXXBT",
    "T": "Trade",
    "P": 8.326e-05,
    "Q": 1265,
    "TS": 1538410459.9708,
    "side": "s",
    "TS2": 1538410469606855634
  },
  {
    "sym": "ADAEUR",
    "T": "Trade",
    "P": 0.071917,
    "Q": 7324.19,
    "TS": 1538410474.1743,
    "side": "s",
    "TS2": 1538410481143946699
  },
  {
    "sym": "ADAEUR",
    "T": "Trade",
    "P": 0.071916,
    "Q": 5064.4,
    "TS": 1538410474.1773,
    "side": "s",
    "TS2": 1538410481144004487
  },
  {
    "sym": "ADAEUR",
    "T": "Trade",
    "P": 0.071915,
    "Q": 2832.96,
    "TS": 1538410474.18,
    "side": "s",
    "TS2": 1538410481144052438
  },
  {
    "sym": "ADAEUR",
    "T": "Trade",
    "P": 0.071914,
    "Q": 6130.44,
    "TS": 1538410474.1825,
    "side": "s",
    "TS2": 1538410481144098371
  },
  {
    "sym": "ADAUSD",
    "T": "Trade",
    "P": 0.083,
    "Q": 0.0291449,
    "TS": 1538410458.4617,
    "side": "s",
    "TS2": 1538410481527176253
  },
  {
    "sym": "ADAUSD",
    "T": "Trade",
    "P": 0.0826,
    "Q": 592.786,
    "TS": 1538410458.4714,
    "side": "s",
    "TS2": 1538410481527230304
  },
  {
    "sym": "ADAUSD",
    "T": "Trade",
    "P": 0.08257,
    "Q": 3600.58,
    "TS": 1538410458.4755,
    "side": "s",
    "TS2": 1538410481527278259
  },
  {
    "sym": "ADAUSD",
    "T": "Trade",
    "P": 0.082466,
    "Q": 3000,
    "TS": 1538410458.4781,
    "side": "s",
    "TS2": 1538410481527323992
  },
  {
    "sym": "ADAUSD",
    "T": "Trade",
    "P": 0.082464,
    "Q": 1253.61,
    "TS": 1538410458.4815,
    "side": "s",
    "TS2": 1538410481527368268
  },
  {
    "sym": "ADAUSD",
    "T": "Trade",
    "P": 0.082464,
    "Q": 8447,
    "TS": 1538410468.1407,
    "side": "s",
    "TS2": 1538410481527412933
  },
  {
    "sym": "ADAUSD",
    "T": "Trade",
    "P": 0.082256,
    "Q": 8447,
    "TS": 1538410472.4674,
    "side": "s",
    "TS2": 1538410481527456916
  },
  {
    "sym": "ADAUSD",
    "T": "Trade",
    "P": 0.082257,
    "Q": 3000,
    "TS": 1538410476.5834,
    "side": "s",
    "TS2": 1538410481527501097
  },
  {
    "sym": "ADAUSD",
    "T": "Trade",
    "P": 0.082256,
    "Q": 5447,
    "TS": 1538410476.5945,
    "side": "s",
    "TS2": 1538410481527544930
  },
  {
    "sym": "ADAXBT",
    "T": "Trade",
    "P": 1.269e-05,
    "Q": 0.685701,
    "TS": 1538410470.1801,
    "side": "s",
    "TS2": 1538410482045517138
  },
  {
    "sym": "ADAXBT",
    "T": "Trade",
    "P": 1.268e-05,
    "Q": 2640.31,
    "TS": 1538410470.1884,
    "side": "s",
    "TS2": 1538410482045584019
  },
  {
    "sym": "ADAXBT",
    "T": "Trade",
    "P": 1.269e-05,
    "Q": 21373.4,
    "TS": 1538410474.1147,
    "side": "b",
    "TS2": 1538410482045634578
  },
  {
    "sym": "ADAXBT",
    "T": "Trade",
    "P": 1.268e-05,
    "Q": 130,
    "TS": 1538410474.2634,
    "side": "s",
    "TS2": 1538410482045680704
  },
  {
    "sym": "ADAXBT",
    "T": "Trade",
    "P": 1.269e-05,
    "Q": 5000,
    "TS": 1538410480.396,
    "side": "b",
    "TS2": 1538410482045725472
  },
  {
    "sym": "XETHZUSD",
    "T": "Trade",
    "P": 225.14,
    "Q": 5,
    "TS": 1538410471.9369,
    "side": "s",
    "TS2": 1538410488971011796
  },
  {
    "sym": "XETHZUSD",
    "T": "Trade",
    "P": 225.14,
    "Q": 80.3996,
    "TS": 1538410484.8743,
    "side": "s",
    "TS2": 1538410488971065800
  },
  {
    "sym": "XETHZUSD",
    "T": "Trade",
    "P": 225.03,
    "Q": 5,
    "TS": 1538410484.879,
    "side": "s",
    "TS2": 1538410488971114564
  },
  {
    "sym": "XETHZUSD",
    "T": "Trade",
    "P": 225.03,
    "Q": 1,
    "TS": 1538410484.8829,
    "side": "s",
    "TS2": 1538410488971159380
  },
  {
    "sym": "XETHZUSD",
    "T": "Trade",
    "P": 225,
    "Q": 0.034,
    "TS": 1538410484.8861,
    "side": "s",
    "TS2": 1538410488971203077
  },
  {
    "sym": "XETHZUSD",
    "T": "Trade",
    "P": 224.91,
    "Q": 3,
    "TS": 1538410484.8892,
    "side": "s",
    "TS2": 1538410488971247273
  },
  {
    "sym": "XETHZUSD",
    "T": "Trade",
    "P": 224.85,
    "Q": 100,
    "TS": 1538410484.8918,
    "side": "s",
    "TS2": 1538410488971290432
  },
  {
    "sym": "XETHZUSD",
    "T": "Trade",
    "P": 224.72,
    "Q": 50,
    "TS": 1538410484.895,
    "side": "s",
    "TS2": 1538410488971334375
  },
  {
    "sym": "XETHZUSD",
    "T": "Trade",
    "P": 224.69,
    "Q": 60.5663,
    "TS": 1538410484.899,
    "side": "s",
    "TS2": 1538410488971377762
  },
  {
    "sym": "XETHZUSD",
    "T": "Trade",
    "P": 224.69,
    "Q": 7,
    "TS": 1538410484.9101,
    "side": "s",
    "TS2": 1538410488971421742
  },
  {
    "sym": "XLTCZUSD",
    "T": "Trade",
    "P": 59.54,
    "Q": 0.3,
    "TS": 1538410477.3159,
    "side": "s",
    "TS2": 1538410490777274918
  },
  {
    "sym": "XXBTZUSD",
    "T": "Trade",
    "P": 6524.9,
    "Q": 0.002411,
    "TS": 1538410468.1168,
    "side": "b",
    "TS2": 1538410492952481451
  },
  {
    "sym": "XXBTZUSD",
    "T": "Trade",
    "P": 6524.9,
    "Q": 0.104083,
    "TS": 1538410471.4512,
    "side": "b",
    "TS2": 1538410492952535923
  },
  {
    "sym": "XXBTZUSD",
    "T": "Trade",
    "P": 6524.9,
    "Q": 0.016,
    "TS": 1538410471.7043,
    "side": "b",
    "TS2": 1538410492952583718
  },
  {
    "sym": "XXBTZUSD",
    "T": "Trade",
    "P": 6524.9,
    "Q": 0.106182,
    "TS": 1538410475.362,
    "side": "b",
    "TS2": 1538410492952629809
  },
  {
    "sym": "XXBTZUSD",
    "T": "Trade",
    "P": 6524.8,
    "Q": 0.002465,
    "TS": 1538410479.3752,
    "side": "b",
    "TS2": 1538410492952674008
  },
  {
    "sym": "XXBTZUSD",
    "T": "Trade",
    "P": 6524.7,
    "Q": 0.103823,
    "TS": 1538410482.7103,
    "side": "b",
    "TS2": 1538410492952718249
  },
  {
    "sym": "XXBTZUSD",
    "T": "Trade",
    "P": 6524.7,
    "Q": 0.106076,
    "TS": 1538410486.6208,
    "side": "b",
    "TS2": 1538410492952772578
  },
  {
    "sym": "XXBTZUSD",
    "T": "Trade",
    "P": 6524.7,
    "Q": 0.10607,
    "TS": 1538410490.4574,
    "side": "b",
    "TS2": 1538410492952819967
  },
  {
    "sym": "XXBTZUSD",
    "T": "Trade",
    "P": 6524.7,
    "Q": 0.016,
    "TS": 1538410491.2768,
    "side": "b",
    "TS2": 1538410492952864803
  },
  {
    "sym": "ADAEUR",
    "T": "Trade",
    "P": 0.071914,
    "Q": 2247.06,
    "TS": 1538410480.1102,
    "side": "s",
    "TS2": 1538410500388291961
  },
  {
    "sym": "ADAEUR",
    "T": "Trade",
    "P": 0.071913,
    "Q": 1914.71,
    "TS": 1538410480.1159,
    "side": "s",
    "TS2": 1538410500388346260
  },
  {
    "sym": "ADAEUR",
    "T": "Trade",
    "P": 0.071912,
    "Q": 833.23,
    "TS": 1538410480.1193,
    "side": "s",
    "TS2": 1538410500388393775
  },
  {
    "sym": "ADAEUR",
    "T": "Trade",
    "P": 0.071912,
    "Q": 166.77,
    "TS": 1538410487.1357,
    "side": "s",
    "TS2": 1538410500388439224
  },
  {
    "sym": "ADAEUR",
    "T": "Trade",
    "P": 0.0719,
    "Q": 4828.23,
    "TS": 1538410487.1423,
    "side": "s",
    "TS2": 1538410500388483819
  },
  {
    "sym": "ADAEUR",
    "T": "Trade",
    "P": 0.0719,
    "Q": 4995,
    "TS": 1538410492.4486,
    "side": "s",
    "TS2": 1538410500388527892
  },
  {
    "sym": "ADAEUR",
    "T": "Trade",
    "P": 0.071976,
    "Q": 100,
    "TS": 1538410494.3373,
    "side": "b",
    "TS2": 1538410500388583650
  },
  {
    "sym": "ADAEUR",
    "T": "Trade",
    "P": 0.0719,
    "Q": 176.77,
    "TS": 1538410497.7073,
    "side": "s",
    "TS2": 1538410500388630628
  },
  {
    "sym": "ADAEUR",
    "T": "Trade",
    "P": 0.0719,
    "Q": 50,
    "TS": 1538410497.7119,
    "side": "s",
    "TS2": 1538410500388674997
  },
  {
    "sym": "ADAEUR",
    "T": "Trade",
    "P": 0.0719,
    "Q": 100,
    "TS": 1538410497.7146,
    "side": "s",
    "TS2": 1538410500388718078
  },
  {
    "sym": "ADAEUR",
    "T": "Trade",
    "P": 0.07185,
    "Q": 50,
    "TS": 1538410497.7174,
    "side": "s",
    "TS2": 1538410500388761071
  },
  {
    "sym": "ADAUSD",
    "T": "Trade",
    "P": 0.082257,
    "Q": 3000,
    "TS": 1538410485.1562,
    "side": "s",
    "TS2": 1538410500812778905
  },
  {
    "sym": "ADAUSD",
    "T": "Trade",
    "P": 0.082129,
    "Q": 5447,
    "TS": 1538410485.1593,
    "side": "s",
    "TS2": 1538410500812832297
  },
  {
    "sym": "ADAUSD",
    "T": "Trade",
    "P": 0.082129,
    "Q": 3000,
    "TS": 1538410489.1399,
    "side": "s",
    "TS2": 1538410500812879443
  },
  {
    "sym": "ADAUSD",
    "T": "Trade",
    "P": 0.082128,
    "Q": 5447,
    "TS": 1538410489.152,
    "side": "s",
    "TS2": 1538410500812935038
  },
  {
    "sym": "ADAXBT",
    "T": "Trade",
    "P": 1.269e-05,
    "Q": 5000,
    "TS": 1538410486.8937,
    "side": "b",
    "TS2": 1538410501318288237
  },
  {
    "sym": "ADAXBT",
    "T": "Trade",
    "P": 1.269e-05,
    "Q": 5000,
    "TS": 1538410492.3804,
    "side": "b",
    "TS2": 1538410501318341942
  },
  {
    "sym": "ADAXBT",
    "T": "Trade",
    "P": 1.268e-05,
    "Q": 0.301627,
    "TS": 1538410497.4636,
    "side": "s",
    "TS2": 1538410501318389617
  },
  {
    "sym": "ADAXBT",
    "T": "Trade",
    "P": 1.266e-05,
    "Q": 503.698,
    "TS": 1538410497.4763,
    "side": "s",
    "TS2": 1538410501318434407
  },
  {
    "sym": "GNOXBT",
    "T": "Trade",
    "P": 0.00401,
    "Q": 0.55769,
    "TS": 1538410485.7905,
    "side": "s",
    "TS2": 1538410503924416285
  },
  {
    "sym": "GNOXBT",
    "T": "Trade",
    "P": 0.00398,
    "Q": 1.146,
    "TS": 1538410485.797,
    "side": "s",
    "TS2": 1538410503924470120
  },
  {
    "sym": "GNOXBT",
    "T": "Trade",
    "P": 0.00397,
    "Q": 1.62631,
    "TS": 1538410485.8008,
    "side": "s",
    "TS2": 1538410503924517011
  },
  {
    "sym": "XETHZUSD",
    "T": "Trade",
    "P": 224.78,
    "Q": 50,
    "TS": 1538410497.8943,
    "side": "s",
    "TS2": 1538410507531798832
  },
  {
    "sym": "XETHZUSD",
    "T": "Trade",
    "P": 225,
    "Q": 3,
    "TS": 1538410498.2125,
    "side": "s",
    "TS2": 1538410507531852095
  },
  {
    "sym": "XETHZUSD",
    "T": "Trade",
    "P": 225,
    "Q": 19,
    "TS": 1538410501.8116,
    "side": "b",
    "TS2": 1538410507531897808
  },
  {
    "sym": "XLTCZUSD",
    "T": "Trade",
    "P": 59.54,
    "Q": 3.06673,
    "TS": 1538410506.5227,
    "side": "s",
    "TS2": 1538410509172898122
  },
  {
    "sym": "XXBTZUSD",
    "T": "Trade",
    "P": 6524.6,
    "Q": 0.002463,
    "TS": 1538410493.8254,
    "side": "b",
    "TS2": 1538410511566620549
  },
  {
    "sym": "ADAEUR",
    "T": "Trade",
    "P": 0.07182,
    "Q": 200,
    "TS": 1538410503.9249,
    "side": "s",
    "TS2": 1538410519345130855
  },
  {
    "sym": "ADAEUR",
    "T": "Trade",
    "P": 0.0718,
    "Q": 50,
    "TS": 1538410503.9305,
    "side": "s",
    "TS2": 1538410519345184620
  },
  {
    "sym": "ADAXBT",
    "T": "Trade",
    "P": 1.268e-05,
    "Q": 377.148,
    "TS": 1538410501.5378,
    "side": "s",
    "TS2": 1538410520084882318
  },
  {
    "sym": "ADAXBT",
    "T": "Trade",
    "P": 1.267e-05,
    "Q": 250.25,
    "TS": 1538410503.2774,
    "side": "b",
    "TS2": 1538410520084936450
  },
  {
    "sym": "ADAXBT",
    "T": "Trade",
    "P": 1.266e-05,
    "Q": 561.659,
    "TS": 1538410518.5027,
    "side": "s",
    "TS2": 1538410520084984515
  },
  {
    "sym": "ADAXBT",
    "T": "Trade",
    "P": 1.265e-05,
    "Q": 1.27647,
    "TS": 1538410518.5071,
    "side": "s",
    "TS2": 1538410520085029521
  },
  {
    "sym": "XETHXXBT",
    "T": "Trade",
    "P": 0.03454,
    "Q": 4.40308,
    "TS": 1538410518.4018,
    "side": "s",
    "TS2": 1538410526625921490
  },
  {
    "sym": "XETHXXBT",
    "T": "Trade",
    "P": 0.03454,
    "Q": 0.86692,
    "TS": 1538410518.4223,
    "side": "s",
    "TS2": 1538410526625975015
  },
  {
    "sym": "XLTCXXBT",
    "T": "Trade",
    "P": 0.009115,
    "Q": 4,
    "TS": 1538410516.1888,
    "side": "s",
    "TS2": 1538410528474017424
  },
  {
    "sym": "XLTCXXBT",
    "T": "Trade",
    "P": 0.009115,
    "Q": 4,
    "TS": 1538410522.6624,
    "side": "s",
    "TS2": 1538410528474069871
  },
  {
    "sym": "XLTCXXBT",
    "T": "Trade",
    "P": 0.009115,
    "Q": 21.8338,
    "TS": 1538410522.8158,
    "side": "s",
    "TS2": 1538410528474117360
  },
  {
    "sym": "XLTCXXBT",
    "T": "Trade",
    "P": 0.009111,
    "Q": 0.542142,
    "TS": 1538410524.4625,
    "side": "s",
    "TS2": 1538410528474163246
  },
  {
    "sym": "XXRPXXBT",
    "T": "Trade",
    "P": 8.327e-05,
    "Q": 100,
    "TS": 1538410519.646,
    "side": "b",
    "TS2": 1538410532428223949
  },
  {
    "sym": "ADAEUR",
    "T": "Trade",
    "P": 0.071751,
    "Q": 6064.74,
    "TS": 1538410522.7921,
    "side": "s",
    "TS2": 1538410538294964112
  },
  {
    "sym": "ADAEUR",
    "T": "Trade",
    "P": 0.07175,
    "Q": 10000,
    "TS": 1538410522.7962,
    "side": "s",
    "TS2": 1538410538295018613
  },
  {
    "sym": "ADAXBT",
    "T": "Trade",
    "P": 1.266e-05,
    "Q": 5000,
    "TS": 1538410522.8025,
    "side": "b",
    "TS2": 1538410539227648180
  },
  {
    "sym": "ADAXBT",
    "T": "Trade",
    "P": 1.267e-05,
    "Q": 11080.8,
    "TS": 1538410522.8052,
    "side": "b",
    "TS2": 1538410539227701903
  },
  {
    "sym": "XLTCZUSD",
    "T": "Trade",
    "P": 59.41,
    "Q": 1.1,
    "TS": 1538410541.6825,
    "side": "s",
    "TS2": 1538410546596255251
  },
  {
    "sym": "XXBTZUSD",
    "T": "Trade",
    "P": 6521.6,
    "Q": 0.00613337,
    "TS": 1538410542.7018,
    "side": "b",
    "TS2": 1538410548792703951
  },
  {
    "sym": "XXRPXXBT",
    "T": "Trade",
    "P": 8.326e-05,
    "Q": 0.511972,
    "TS": 1538410542.6585,
    "side": "s",
    "TS2": 1538410550282085360
  },
  {
    "sym": "ADAEUR",
    "T": "Trade",
    "P": 0.071703,
    "Q": 50,
    "TS": 1538410547.2537,
    "side": "s",
    "TS2": 1538410556177420169
  },
  {
    "sym": "ADAEUR",
    "T": "Trade",
    "P": 0.071703,
    "Q": 55.7857,
    "TS": 1538410547.2805,
    "side": "s",
    "TS2": 1538410556177474270
  },
  {
    "sym": "ADAEUR",
    "T": "Trade",
    "P": 0.071703,
    "Q": 50,
    "TS": 1538410547.2843,
    "side": "s",
    "TS2": 1538410556177522406
  },
  {
    "sym": "ADAXBT",
    "T": "Trade",
    "P": 1.266e-05,
    "Q": 484.468,
    "TS": 1538410544.7362,
    "side": "b",
    "TS2": 1538410557117183371
  },
  {
    "sym": "XETHZUSD",
    "T": "Trade",
    "P": 224.74,
    "Q": 5,
    "TS": 1538410549.1062,
    "side": "b",
    "TS2": 1538410563828187360
  },
  {
    "sym": "XETHZUSD",
    "T": "Trade",
    "P": 224.74,
    "Q": 1.62853,
    "TS": 1538410549.1104,
    "side": "b",
    "TS2": 1538410563828240513
  },
  {
    "sym": "XETHZUSD",
    "T": "Trade",
    "P": 224.73,
    "Q": 0.1,
    "TS": 1538410562.047,
    "side": "b",
    "TS2": 1538410563828287788
  },
  {
    "sym": "XICNXXBT",
    "T": "Trade",
    "P": 5.9e-05,
    "Q": 2.6,
    "TS": 1538410563.674,
    "side": "b",
    "TS2": 1538410564614871571
  },
  {
    "sym": "XLTCZUSD",
    "T": "Trade",
    "P": 59.42,
    "Q": 10,
    "TS": 1538410561.4892,
    "side": "b",
    "TS2": 1538410565787701219
  },
  {
    "sym": "XXRPXXBT",
    "T": "Trade",
    "P": 8.3e-05,
    "Q": 330,
    "TS": 1538410563.1664,
    "side": "s",
    "TS2": 1538410571632536169
  },
  {
    "sym": "XXRPXXBT",
    "T": "Trade",
    "P": 8.29e-05,
    "Q": 1500,
    "TS": 1538410568.0604,
    "side": "s",
    "TS2": 1538410571632590440
  },
  {
    "sym": "ADAXBT",
    "T": "Trade",
    "P": 1.265e-05,
    "Q": 11.007,
    "TS": 1538410568.1178,
    "side": "s",
    "TS2": 1538410578362598709
  },
  {
    "sym": "XETHZUSD",
    "T": "Trade",
    "P": 224.74,
    "Q": 0.02,
    "TS": 1538410570.0683,
    "side": "b",
    "TS2": 1538410584336846730
  },
  {
    "sym": "XETHZUSD",
    "T": "Trade",
    "P": 224.74,
    "Q": 0.0685,
    "TS": 1538410570.0745,
    "side": "b",
    "TS2": 1538410584336900941
  },
  {
    "sym": "XETHZUSD",
    "T": "Trade",
    "P": 224.75,
    "Q": 12.37,
    "TS": 1538410576.5879,
    "side": "b",
    "TS2": 1538410584336948523
  },
  {
    "sym": "XLTCZUSD",
    "T": "Trade",
    "P": 59.41,
    "Q": 10,
    "TS": 1538410570.2923,
    "side": "b",
    "TS2": 1538410585974671692
  },
  {
    "sym": "XREPXXBT",
    "T": "Trade",
    "P": 0.002025,
    "Q": 3,
    "TS": 1538410573.0882,
    "side": "s",
    "TS2": 1538410587498879592
  },
  {
    "sym": "XREPXXBT",
    "T": "Trade",
    "P": 0.002023,
    "Q": 4.92055,
    "TS": 1538410573.0935,
    "side": "s",
    "TS2": 1538410587498932655
  },
  {
    "sym": "XREPXXBT",
    "T": "Trade",
    "P": 0.002023,
    "Q": 0.215604,
    "TS": 1538410573.0957,
    "side": "s",
    "TS2": 1538410587498980470
  },
  {
    "sym": "XREPXXBT",
    "T": "Trade",
    "P": 0.00202,
    "Q": 3.85963,
    "TS": 1538410573.0982,
    "side": "s",
    "TS2": 1538410587499025436
  },
  {
    "sym": "XREPXXBT",
    "T": "Trade",
    "P": 0.00202,
    "Q": 0.010009,
    "TS": 1538410573.1002,
    "side": "s",
    "TS2": 1538410587499069522
  },
  {
    "sym": "XXMRXXBT",
    "T": "Trade",
    "P": 0.017355,
    "Q": 1.28502,
    "TS": 1538410578.883,
    "side": "s",
    "TS2": 1538410589163840206
  },
  {
    "sym": "XXMRXXBT",
    "T": "Trade",
    "P": 0.017355,
    "Q": 0.00333238,
    "TS": 1538410578.8863,
    "side": "s",
    "TS2": 1538410589163893748
  },
  {
    "sym": "XXMRXXBT",
    "T": "Trade",
    "P": 0.017355,
    "Q": 8.64e-06,
    "TS": 1538410578.8884,
    "side": "s",
    "TS2": 1538410589163941280
  },
  {
    "sym": "XXRPXXBT",
    "T": "Trade",
    "P": 8.301e-05,
    "Q": 1810.15,
    "TS": 1538410576.6033,
    "side": "b",
    "TS2": 1538410589581966562
  },
  {
    "sym": "XXRPXXBT",
    "T": "Trade",
    "P": 8.296e-05,
    "Q": 266.745,
    "TS": 1538410588.3461,
    "side": "b",
    "TS2": 1538410589582020556
  },
  {
    "sym": "ADAEUR",
    "T": "Trade",
    "P": 0.071703,
    "Q": 328.158,
    "TS": 1538410584.787,
    "side": "b",
    "TS2": 1538410595735237717
  },
  {
    "sym": "ADAEUR",
    "T": "Trade",
    "P": 0.071703,
    "Q": 0.524214,
    "TS": 1538410584.7925,
    "side": "b",
    "TS2": 1538410595735291417
  },
  {
    "sym": "ADAEUR",
    "T": "Trade",
    "P": 0.071703,
    "Q": 0.00083651,
    "TS": 1538410584.7945,
    "side": "b",
    "TS2": 1538410595735338463
  },
  {
    "sym": "ADAEUR",
    "T": "Trade",
    "P": 0.071823,
    "Q": 3851.32,
    "TS": 1538410584.7979,
    "side": "b",
    "TS2": 1538410595735382537
  },
  {
    "sym": "XETCXXBT",
    "T": "Trade",
    "P": 0.001698,
    "Q": 3,
    "TS": 1538410586.3537,
    "side": "s",
    "TS2": 1538410602542782197
  },
  {
    "sym": "XETHXXBT",
    "T": "Trade",
    "P": 0.03451,
    "Q": 0.396136,
    "TS": 1538410583.1749,
    "side": "s",
    "TS2": 1538410602888675661
  },
  {
    "sym": "XETHZUSD",
    "T": "Trade",
    "P": 224.73,
    "Q": 3.4,
    "TS": 1538410595.5635,
    "side": "s",
    "TS2": 1538410603547452363
  },
  {
    "sym": "XETHZUSD",
    "T": "Trade",
    "P": 224.71,
    "Q": 5,
    "TS": 1538410595.5806,
    "side": "s",
    "TS2": 1538410603547506176
  },
  {
    "sym": "XETHZUSD",
    "T": "Trade",
    "P": 224.71,
    "Q": 8,
    "TS": 1538410595.584,
    "side": "s",
    "TS2": 1538410603547553190
  },
  {
    "sym": "XETHZUSD",
    "T": "Trade",
    "P": 224.7,
    "Q": 21,
    "TS": 1538410595.5873,
    "side": "s",
    "TS2": 1538410603547598225
  },
  {
    "sym": "XETHZUSD",
    "T": "Trade",
    "P": 224.51,
    "Q": 3,
    "TS": 1538410595.5906,
    "side": "s",
    "TS2": 1538410603547642629
  },
  {
    "sym": "XETHZUSD",
    "T": "Trade",
    "P": 224.51,
    "Q": 4.415,
    "TS": 1538410595.594,
    "side": "s",
    "TS2": 1538410603547685971
  },
  {
    "sym": "XETHZUSD",
    "T": "Trade",
    "P": 224.5,
    "Q": 5.185,
    "TS": 1538410595.5968,
    "side": "s",
    "TS2": 1538410603547729558
  },
  {
    "sym": "XETHZUSD",
    "T": "Trade",
    "P": 224.74,
    "Q": 1.53,
    "TS": 1538410598.7956,
    "side": "s",
    "TS2": 1538410603547773245
  },
  {
    "sym": "XETHZUSD",
    "T": "Trade",
    "P": 224.7,
    "Q": 8.47,
    "TS": 1538410598.7998,
    "side": "s",
    "TS2": 1538410603547816810
  },
  {
    "sym": "XETHZUSD",
    "T": "Trade",
    "P": 224.75,
    "Q": 0.0885,
    "TS": 1538410601.7021,
    "side": "b",
    "TS2": 1538410603547860450
  },
  {
    "sym": "XETHZUSD",
    "T": "Trade",
    "P": 224.75,
    "Q": 1.69765,
    "TS": 1538410602.3196,
    "side": "b",
    "TS2": 1538410603547904774
  },
  {
    "sym": "XMLNXXBT",
    "T": "Trade",
    "P": 0.001563,
    "Q": 4.5,
    "TS": 1538410596.9263,
    "side": "s",
    "TS2": 1538410607039361461
  },
  {
    "sym": "XXBTZUSD",
    "T": "Trade",
    "P": 6520.6,
    "Q": 0.19997,
    "TS": 1538410589.2487,
    "side": "s",
    "TS2": 1538410608320860156
  },
  {
    "sym": "ADAEUR",
    "T": "Trade",
    "P": 0.071823,
    "Q": 27912.1,
    "TS": 1538410598.0157,
    "side": "b",
    "TS2": 1538410616649503603
  },
  {
    "sym": "ADAEUR",
    "T": "Trade",
    "P": 0.071825,
    "Q": 11.007,
    "TS": 1538410598.0216,
    "side": "b",
    "TS2": 1538410616649569627
  },
  {
    "sym": "ADAEUR",
    "T": "Trade",
    "P": 0.071826,
    "Q": 15597.6,
    "TS": 1538410598.0242,
    "side": "b",
    "TS2": 1538410616649620149
  },
  {
    "sym": "ADAEUR",
    "T": "Trade",
    "P": 0.071827,
    "Q": 20766.2,
    "TS": 1538410598.0267,
    "side": "b",
    "TS2": 1538410616649666164
  },
  {
    "sym": "ADAEUR",
    "T": "Trade",
    "P": 0.072055,
    "Q": 2215.8,
    "TS": 1538410598.0292,
    "side": "b",
    "TS2": 1538410616649710371
  },
  {
    "sym": "ADAEUR",
    "T": "Trade",
    "P": 0.07175,
    "Q": 15098,
    "TS": 1538410610.5287,
    "side": "s",
    "TS2": 1538410616649754697
  },
  {
    "sym": "ADAXBT",
    "T": "Trade",
    "P": 1.266e-05,
    "Q": 1019,
    "TS": 1538410610.4393,
    "side": "b",
    "TS2": 1538410617727948934
  },
  {
    "sym": "ADAXBT",
    "T": "Trade",
    "P": 1.266e-05,
    "Q": 14094.1,
    "TS": 1538410610.4715,
    "side": "b",
    "TS2": 1538410617728003671
  },
  {
    "sym": "ADAXBT",
    "T": "Trade",
    "P": 1.267e-05,
    "Q": 1019,
    "TS": 1538410612.212,
    "side": "b",
    "TS2": 1538410617728052429
  },
  {
    "sym": "XETHZUSD",
    "T": "Trade",
    "P": 224.71,
    "Q": 5,
    "TS": 1538410607.3997,
    "side": "s",
    "TS2": 1538410624043647879
  },
  {
    "sym": "XETHZUSD",
    "T": "Trade",
    "P": 224.71,
    "Q": 6.37,
    "TS": 1538410607.4484,
    "side": "s",
    "TS2": 1538410624043700905
  },
  {
    "sym": "XETHZUSD",
    "T": "Trade",
    "P": 224.7,
    "Q": 22.9,
    "TS": 1538410607.4751,
    "side": "s",
    "TS2": 1538410624043748512
  },
  {
    "sym": "XETHZUSD",
    "T": "Trade",
    "P": 224.62,
    "Q": 15.73,
    "TS": 1538410607.4786,
    "side": "s",
    "TS2": 1538410624043794036
  },
  {
    "sym": "XETHZUSD",
    "T": "Trade",
    "P": 224.75,
    "Q": 5.90994,
    "TS": 1538410619.0376,
    "side": "b",
    "TS2": 1538410624043838453
  },
  {
    "sym": "XETHZUSD",
    "T": "Trade",
    "P": 224.75,
    "Q": 11.9225,
    "TS": 1538410619.6336,
    "side": "b",
    "TS2": 1538410624043882474
  },
  {
    "sym": "XETHZUSD",
    "T": "Trade",
    "P": 224.75,
    "Q": 5.48372,
    "TS": 1538410620.1414,
    "side": "b",
    "TS2": 1538410624043926522
  },
  {
    "sym": "XETHZUSD",
    "T": "Trade",
    "P": 224.75,
    "Q": 62.5276,
    "TS": 1538410621.2076,
    "side": "b",
    "TS2": 1538410624043969588
  },
  {
    "sym": "XLTCZUSD",
    "T": "Trade",
    "P": 59.42,
    "Q": 0.2,
    "TS": 1538410612.4295,
    "side": "s",
    "TS2": 1538410626407094650
  },
  {
    "sym": "XXBTZUSD",
    "T": "Trade",
    "P": 6520.6,
    "Q": 1.65196,
    "TS": 1538410617.7308,
    "side": "s",
    "TS2": 1538410630139062737
  },
  {
    "sym": "XXBTZUSD",
    "T": "Trade",
    "P": 6520.6,
    "Q": 0.901972,
    "TS": 1538410628.3829,
    "side": "s",
    "TS2": 1538410630139115846
  },
  {
    "sym": "XXBTZUSD",
    "T": "Trade",
    "P": 6520.6,
    "Q": 0.0980276,
    "TS": 1538410629.1134,
    "side": "s",
    "TS2": 1538410630139163759
  },
  {
    "sym": "XXBTZUSD",
    "T": "Trade",
    "P": 6520.6,
    "Q": 0.215686,
    "TS": 1538410629.1165,
    "side": "s",
    "TS2": 1538410630139209165
  },
  {
    "sym": "XXLMXXBT",
    "T": "Trade",
    "P": 3.911e-05,
    "Q": 2618.42,
    "TS": 1538410629.9054,
    "side": "s",
    "TS2": 1538410631052552068
  },
  {
    "sym": "XXLMXXBT",
    "T": "Trade",
    "P": 3.902e-05,
    "Q": 360.413,
    "TS": 1538410629.9101,
    "side": "s",
    "TS2": 1538410631052606359
  },
  {
    "sym": "ADAEUR",
    "T": "Trade",
    "P": 0.07175,
    "Q": 4901.98,
    "TS": 1538410624.195,
    "side": "s",
    "TS2": 1538410637806142627
  },
  {
    "sym": "QTUMEUR",
    "T": "Trade",
    "P": 3.279,
    "Q": 3.73,
    "TS": 1538410634.2181,
    "side": "b",
    "TS2": 1538410642909109444
  },
  {
    "sym": "QTUMEUR",
    "T": "Trade",
    "P": 3.285,
    "Q": 2,
    "TS": 1538410634.2223,
    "side": "b",
    "TS2": 1538410642909161784
  },
  {
    "sym": "QTUMEUR",
    "T": "Trade",
    "P": 3.29377,
    "Q": 4.27,
    "TS": 1538410634.225,
    "side": "b",
    "TS2": 1538410642909207348
  },
  {
    "sym": "XETHZUSD",
    "T": "Trade",
    "P": 224.94,
    "Q": 7.99,
    "TS": 1538410623.5447,
    "side": "b",
    "TS2": 1538410645734555159
  },
  {
    "sym": "XETHZUSD",
    "T": "Trade",
    "P": 224.99,
    "Q": 0.702,
    "TS": 1538410623.5525,
    "side": "b",
    "TS2": 1538410645734608367
  },
  {
    "sym": "XETHZUSD",
    "T": "Trade",
    "P": 225,
    "Q": 5.618,
    "TS": 1538410623.5559,
    "side": "b",
    "TS2": 1538410645734656233
  },
  {
    "sym": "XETHZUSD",
    "T": "Trade",
    "P": 224.77,
    "Q": 0.02,
    "TS": 1538410624.8653,
    "side": "s",
    "TS2": 1538410645734700319
  },
  {
    "sym": "XETHZUSD",
    "T": "Trade",
    "P": 224.77,
    "Q": 5,
    "TS": 1538410625.9885,
    "side": "s",
    "TS2": 1538410645734744279
  },
  {
    "sym": "XETHZUSD",
    "T": "Trade",
    "P": 225,
    "Q": 30.2,
    "TS": 1538410627.7956,
    "side": "b",
    "TS2": 1538410645734787558
  },
  {
    "sym": "XETHZUSD",
    "T": "Trade",
    "P": 225,
    "Q": 0.0884,
    "TS": 1538410633.7132,
    "side": "b",
    "TS2": 1538410645734830982
  },
  {
    "sym": "XETHZUSD",
    "T": "Trade",
    "P": 225,
    "Q": 40.09,
    "TS": 1538410635.204,
    "side": "b",
    "TS2": 1538410645734874577
  },
  {
    "sym": "XETHZUSD",
    "T": "Trade",
    "P": 225,
    "Q": 2.0036,
    "TS": 1538410636.8816,
    "side": "b",
    "TS2": 1538410645734917858
  },
  {
    "sym": "XETHZUSD",
    "T": "Trade",
    "P": 225.38,
    "Q": 19.3807,
    "TS": 1538410639.8481,
    "side": "b",
    "TS2": 1538410645734960551
  },
  {
    "sym": "XETHZUSD",
    "T": "Trade",
    "P": 225.38,
    "Q": 0.02,
    "TS": 1538410639.851,
    "side": "b",
    "TS2": 1538410645735004275
  },
  {
    "sym": "XETHZUSD",
    "T": "Trade",
    "P": 225.38,
    "Q": 24.506,
    "TS": 1538410639.8531,
    "side": "b",
    "TS2": 1538410645735047945
  },
  {
    "sym": "XETHZUSD",
    "T": "Trade",
    "P": 225.38,
    "Q": 18.1795,
    "TS": 1538410639.8553,
    "side": "b",
    "TS2": 1538410645735091314
  },
  {
    "sym": "XETHZUSD",
    "T": "Trade",
    "P": 225.44,
    "Q": 0.629,
    "TS": 1538410644.2978,
    "side": "b",
    "TS2": 1538410645735134764
  },
  {
    "sym": "XLTCZUSD",
    "T": "Trade",
    "P": 59.47,
    "Q": 0.1,
    "TS": 1538410640.8544,
    "side": "b",
    "TS2": 1538410647453482906
  },
  {
    "sym": "XXBTZUSD",
    "T": "Trade",
    "P": 6520.6,
    "Q": 0.207582,
    "TS": 1538410630.2034,
    "side": "s",
    "TS2": 1538410649591919821
  },
  {
    "sym": "XXBTZUSD",
    "T": "Trade",
    "P": 6520.6,
    "Q": 0.010703,
    "TS": 1538410630.6368,
    "side": "s",
    "TS2": 1538410649591973854
  },
  {
    "sym": "XXBTZUSD",
    "T": "Trade",
    "P": 6520.6,
    "Q": 0.566029,
    "TS": 1538410635.2335,
    "side": "s",
    "TS2": 1538410649592032389
  },
  {
    "sym": "XXBTZUSD",
    "T": "Trade",
    "P": 6520.6,
    "Q": 0.433971,
    "TS": 1538410635.2376,
    "side": "s",
    "TS2": 1538410649592080304
  },
  {
    "sym": "XXBTZUSD",
    "T": "Trade",
    "P": 6520.7,
    "Q": 0.989241,
    "TS": 1538410639.5923,
    "side": "b",
    "TS2": 1538410649592125002
  },
  {
    "sym": "ADAEUR",
    "T": "Trade",
    "P": 0.071804,
    "Q": 376.771,
    "TS": 1538410638.3868,
    "side": "b",
    "TS2": 1538410658152430293
  },
  {
    "sym": "ADAEUR",
    "T": "Trade",
    "P": 0.072054,
    "Q": 3085.28,
    "TS": 1538410638.3905,
    "side": "b",
    "TS2": 1538410658152484750
  },
  {
    "sym": "ADAEUR",
    "T": "Trade",
    "P": 0.0718,
    "Q": 8030.97,
    "TS": 1538410642.8781,
    "side": "s",
    "TS2": 1538410658152533199
  },
  {
    "sym": "ADAEUR",
    "T": "Trade",
    "P": 0.0718,
    "Q": 3438.56,
    "TS": 1538410643.3214,
    "side": "s",
    "TS2": 1538410658152579320
  },
  {
    "sym": "ADAEUR",
    "T": "Trade",
    "P": 0.071704,
    "Q": 6.79333,
    "TS": 1538410645.2143,
    "side": "s",
    "TS2": 1538410658152624379
  },
  {
    "sym": "ADAXBT",
    "T": "Trade",
    "P": 1.266e-05,
    "Q": 1537.17,
    "TS": 1538410640.9417,
    "side": "s",
    "TS2": 1538410658853736255
  },
  {
    "sym": "ADAXBT",
    "T": "Trade",
    "P": 1.266e-05,
    "Q": 798,
    "TS": 1538410642.4433,
    "side": "s",
    "TS2": 1538410658853790459
  },
  {
    "sym": "ADAXBT",
    "T": "Trade",
    "P": 1.267e-05,
    "Q": 8039.01,
    "TS": 1538410642.885,
    "side": "b",
    "TS2": 1538410658853838384
  },
  {
    "sym": "QTUMEUR",
    "T": "Trade",
    "P": 3.293,
    "Q": 92,
    "TS": 1538410660.2331,
    "side": "b",
    "TS2": 1538410661949284538
  },
  {
    "sym": "XETHZUSD",
    "T": "Trade",
    "P": 225.61,
    "Q": 10,
    "TS": 1538410663.2496,
    "side": "b",
    "TS2": 1538410666283279576
  },
  {
    "sym": "XETHZUSD",
    "T": "Trade",
    "P": 225.69,
    "Q": 1,
    "TS": 1538410663.26,
    "side": "b",
    "TS2": 1538410666283332945
  },
  {
    "sym": "XETHZUSD",
    "T": "Trade",
    "P": 225.69,
    "Q": 4,
    "TS": 1538410663.3509,
    "side": "b",
    "TS2": 1538410666283379658
  },
  {
    "sym": "XETHZUSD",
    "T": "Trade",
    "P": 225.7,
    "Q": 1,
    "TS": 1538410663.3551,
    "side": "b",
    "TS2": 1538410666283424024
  },
  {
    "sym": "XXRPXXBT",
    "T": "Trade",
    "P": 8.323e-05,
    "Q": 215.073,
    "TS": 1538410653.0206,
    "side": "b",
    "TS2": 1538410671855940052
  },
  {
    "sym": "XXRPXXBT",
    "T": "Trade",
    "P": 8.335e-05,
    "Q": 786.552,
    "TS": 1538410666.7484,
    "side": "b",
    "TS2": 1538410671855993750
  },
  {
    "sym": "XETHZUSD",
    "T": "Trade",
    "P": 225.47,
    "Q": 0.599171,
    "TS": 1538410672.3742,
    "side": "s",
    "TS2": 1538410684132308622
  },
  {
    "sym": "XETHZUSD",
    "T": "Trade",
    "P": 225.47,
    "Q": 0.00154855,
    "TS": 1538410672.3765,
    "side": "s",
    "TS2": 1538410684132372560
  },
  {
    "sym": "XETHZUSD",
    "T": "Trade",
    "P": 225.59,
    "Q": 0.02,
    "TS": 1538410683.9151,
    "side": "s",
    "TS2": 1538410684132422977
  },
  {
    "sym": "XLTCZUSD",
    "T": "Trade",
    "P": 59.61,
    "Q": 0.8,
    "TS": 1538410672.3119,
    "side": "s",
    "TS2": 1538410685818071150
  },
  {
    "sym": "XETHXXBT",
    "T": "Trade",
    "P": 0.03456,
    "Q": 19.9476,
    "TS": 1538410701.6157,
    "side": "s",
    "TS2": 1538410712660579413
  },
  {
    "sym": "XETHXXBT",
    "T": "Trade",
    "P": 0.03456,
    "Q": 0.0517292,
    "TS": 1538410701.6223,
    "side": "s",
    "TS2": 1538410712661048635
  },
  {
    "sym": "XETHXXBT",
    "T": "Trade",
    "P": 0.03456,
    "Q": 0.00013285,
    "TS": 1538410701.6243,
    "side": "s",
    "TS2": 1538410712661112661
  },
  {
    "sym": "XETHZUSD",
    "T": "Trade",
    "P": 225.69,
    "Q": 0.562,
    "TS": 1538410700.1933,
    "side": "b",
    "TS2": 1538410713537578042
  },
  {
    "sym": "XLTCXXBT",
    "T": "Trade",
    "P": 0.009111,
    "Q": 0.453396,
    "TS": 1538410690.6396,
    "side": "s",
    "TS2": 1538410714829774936
  },
  {
    "sym": "XXRPXXBT",
    "T": "Trade",
    "P": 8.335e-05,
    "Q": 115.722,
    "TS": 1538410708.2987,
    "side": "b",
    "TS2": 1538410720376107969
  },
  {
    "sym": "XXRPXXBT",
    "T": "Trade",
    "P": 8.335e-05,
    "Q": 46.4942,
    "TS": 1538410709.1109,
    "side": "b",
    "TS2": 1538410720376161260
  },
  {
    "sym": "QTUMXBT",
    "T": "Trade",
    "P": 0.0005789,
    "Q": 10,
    "TS": 1538410731.66,
    "side": "b",
    "TS2": 1538410731755828920
  },
  {
    "sym": "XETHZUSD",
    "T": "Trade",
    "P": 225.61,
    "Q": 8,
    "TS": 1538410724.8765,
    "side": "s",
    "TS2": 1538410733696157920
  },
  {
    "sym": "XETHZUSD",
    "T": "Trade",
    "P": 225.59,
    "Q": 5,
    "TS": 1538410724.8804,
    "side": "s",
    "TS2": 1538410733696211434
  },
  {
    "sym": "XETHZUSD",
    "T": "Trade",
    "P": 225.58,
    "Q": 9.62,
    "TS": 1538410724.8834,
    "side": "s",
    "TS2": 1538410733696258500
  },
  {
    "sym": "XETHZUSD",
    "T": "Trade",
    "P": 225.58,
    "Q": 35.746,
    "TS": 1538410724.8869,
    "side": "s",
    "TS2": 1538410733696303085
  },
  {
    "sym": "XETHZUSD",
    "T": "Trade",
    "P": 225.47,
    "Q": 4.39928,
    "TS": 1538410724.8897,
    "side": "s",
    "TS2": 1538410733696347476
  },
  {
    "sym": "XETHZUSD",
    "T": "Trade",
    "P": 225.47,
    "Q": 5,
    "TS": 1538410724.8924,
    "side": "s",
    "TS2": 1538410733696391357
  },
  {
    "sym": "XETHZUSD",
    "T": "Trade",
    "P": 225.44,
    "Q": 2.21788,
    "TS": 1538410724.8961,
    "side": "s",
    "TS2": 1538410733696434418
  },
  {
    "sym": "XETHZUSD",
    "T": "Trade",
    "P": 225.4,
    "Q": 0.013,
    "TS": 1538410724.8997,
    "side": "s",
    "TS2": 1538410733696478280
  },
  {
    "sym": "XETHZUSD",
    "T": "Trade",
    "P": 225.39,
    "Q": 6,
    "TS": 1538410724.9027,
    "side": "s",
    "TS2": 1538410733696523030
  },
  {
    "sym": "XETHZUSD",
    "T": "Trade",
    "P": 225.14,
    "Q": 6.62383,
    "TS": 1538410724.9054,
    "side": "s",
    "TS2": 1538410733696566607
  },
  {
    "sym": "XETHZUSD",
    "T": "Trade",
    "P": 225.7,
    "Q": 0.826603,
    "TS": 1538410730.4405,
    "side": "b",
    "TS2": 1538410733696610390
  },
  {
    "sym": "XLTCZUSD",
    "T": "Trade",
    "P": 59.63,
    "Q": 2.9,
    "TS": 1538410736.0542,
    "side": "s",
    "TS2": 1538410737364846445
  },
  {
    "sym": "XMLNXETH",
    "T": "Trade",
    "P": 0.04479,
    "Q": 3.8262,
    "TS": 1538410724.8377,
    "side": "s",
    "TS2": 1538410738204794197
  },
  {
    "sym": "XMLNXETH",
    "T": "Trade",
    "P": 0.04479,
    "Q": 0.00980327,
    "TS": 1538410724.8479,
    "side": "s",
    "TS2": 1538410738204847917
  },
  {
    "sym": "XXBTZUSD",
    "T": "Trade",
    "P": 6527.1,
    "Q": 0.0326095,
    "TS": 1538410729.0575,
    "side": "s",
    "TS2": 1538410740101250640
  },
  {
    "sym": "XXBTZUSD",
    "T": "Trade",
    "P": 6527.1,
    "Q": 0.002465,
    "TS": 1538410729.061,
    "side": "s",
    "TS2": 1538410740101304342
  },
  {
    "sym": "XXBTZUSD",
    "T": "Trade",
    "P": 6527.1,
    "Q": 0.002463,
    "TS": 1538410729.0631,
    "side": "s",
    "TS2": 1538410740101351994
  },
  {
    "sym": "XXBTZUSD",
    "T": "Trade",
    "P": 6527.1,
    "Q": 0.282654,
    "TS": 1538410729.0653,
    "side": "s",
    "TS2": 1538410740101396988
  },
  {
    "sym": "XXBTZUSD",
    "T": "Trade",
    "P": 6527.1,
    "Q": 0.00072863,
    "TS": 1538410729.0671,
    "side": "s",
    "TS2": 1538410740101440545
  },
  {
    "sym": "XXBTZUSD",
    "T": "Trade",
    "P": 6527.2,
    "Q": 0.925709,
    "TS": 1538410731.8807,
    "side": "s",
    "TS2": 1538410740101494197
  },
  {
    "sym": "XXRPXXBT",
    "T": "Trade",
    "P": 8.332e-05,
    "Q": 183,
    "TS": 1538410721.5175,
    "side": "s",
    "TS2": 1538410741778474506
  },
  {
    "sym": "XXRPXXBT",
    "T": "Trade",
    "P": 8.332e-05,
    "Q": 0.16,
    "TS": 1538410721.5584,
    "side": "s",
    "TS2": 1538410741778526951
  },
  {
    "sym": "XXRPXXBT",
    "T": "Trade",
    "P": 8.332e-05,
    "Q": 6999.84,
    "TS": 1538410721.5621,
    "side": "s",
    "TS2": 1538410741778573759
  },
  {
    "sym": "ADAEUR",
    "T": "Trade",
    "P": 0.072051,
    "Q": 45,
    "TS": 1538410733.2248,
    "side": "b",
    "TS2": 1538410747862347754
  },
  {
    "sym": "ADAEUR",
    "T": "Trade",
    "P": 0.072051,
    "Q": 1080,
    "TS": 1538410739.7464,
    "side": "b",
    "TS2": 1538410747862402880
  },
  {
    "sym": "XETHXXBT",
    "T": "Trade",
    "P": 0.03455,
    "Q": 0.458244,
    "TS": 1538410746.7625,
    "side": "s",
    "TS2": 1538410755909848598
  },
  {
    "sym": "XETHZUSD",
    "T": "Trade",
    "P": 225.69,
    "Q": 10,
    "TS": 1538410747.1132,
    "side": "s",
    "TS2": 1538410756296651014
  },
  {
    "sym": "ADAEUR",
    "T": "Trade",
    "P": 0.07205,
    "Q": 1816.89,
    "TS": 1538410751.4456,
    "side": "b",
    "TS2": 1538410768884002388
  },
  {
    "sym": "ADAEUR",
    "T": "Trade",
    "P": 0.072051,
    "Q": 911.113,
    "TS": 1538410751.4555,
    "side": "b",
    "TS2": 1538410768884057604
  },
  {
    "sym": "ADAEUR",
    "T": "Trade",
    "P": 0.072052,
    "Q": 1315,
    "TS": 1538410751.4587,
    "side": "b",
    "TS2": 1538410768884105261
  },
  {
    "sym": "ADAEUR",
    "T": "Trade",
    "P": 0.072052,
    "Q": 1055.3,
    "TS": 1538410764.851,
    "side": "b",
    "TS2": 1538410768884150036
  },
  {
    "sym": "ADAEUR",
    "T": "Trade",
    "P": 0.072053,
    "Q": 1537.17,
    "TS": 1538410764.8562,
    "side": "b",
    "TS2": 1538410768884194428
  },
  {
    "sym": "ADAEUR",
    "T": "Trade",
    "P": 0.072055,
    "Q": 407.529,
    "TS": 1538410764.859,
    "side": "b",
    "TS2": 1538410768884238213
  },
  {
    "sym": "XETHZUSD",
    "T": "Trade",
    "P": 225.6,
    "Q": 1,
    "TS": 1538410757.3565,
    "side": "b",
    "TS2": 1538410776444665311
  },
  {
    "sym": "XLTCZUSD",
    "T": "Trade",
    "P": 59.64,
    "Q": 0.1,
    "TS": 1538410766.3217,
    "side": "b",
    "TS2": 1538410778367739471
  },
  {
    "sym": "XETHZUSD",
    "T": "Trade",
    "P": 225.38,
    "Q": 5,
    "TS": 1538410778.1736,
    "side": "s",
    "TS2": 1538410795253008619
  },
  {
    "sym": "XETHZUSD",
    "T": "Trade",
    "P": 225.35,
    "Q": 5,
    "TS": 1538410778.189,
    "side": "s",
    "TS2": 1538410795253061209
  },
  {
    "sym": "XETHZUSD",
    "T": "Trade",
    "P": 225.35,
    "Q": 5,
    "TS": 1538410778.2099,
    "side": "s",
    "TS2": 1538410795253107971
  },
  {
    "sym": "XETHZUSD",
    "T": "Trade",
    "P": 225.31,
    "Q": 5,
    "TS": 1538410778.2131,
    "side": "s",
    "TS2": 1538410795253151776
  },
  {
    "sym": "XETHZUSD",
    "T": "Trade",
    "P": 225.31,
    "Q": 5,
    "TS": 1538410778.2163,
    "side": "s",
    "TS2": 1538410795253195078
  },
  {
    "sym": "XETHZUSD",
    "T": "Trade",
    "P": 225.22,
    "Q": 25,
    "TS": 1538410778.2193,
    "side": "s",
    "TS2": 1538410795253237978
  },
  {
    "sym": "ADAEUR",
    "T": "Trade",
    "P": 0.07207,
    "Q": 170.569,
    "TS": 1538410789.3459,
    "side": "b",
    "TS2": 1538410809185730899
  },
  {
    "sym": "ADAEUR",
    "T": "Trade",
    "P": 0.072071,
    "Q": 1213.35,
    "TS": 1538410789.3535,
    "side": "b",
    "TS2": 1538410809185784814
  },
  {
    "sym": "XETHZUSD",
    "T": "Trade",
    "P": 225.55,
    "Q": 0.02,
    "TS": 1538410804.2398,
    "side": "s",
