[
  {
    "sym": "XZECXXBT",
    "T": "Trade",
    "P": 0.01947,
    "Q": 0.1,
    "TS": 1538409720.3813,
    "side": "s",
    "TS2": 1538409725339216503
  },
  {
    "sym": "XETHZUSD",
    "T": "Trade",
    "P": 226.85,
    "Q": 0.02,
    "TS": 1538409733.3449,
    "side": "b",
    "TS2": 1538409738828589281
  },
  {
    "sym": "XETHZUSD",
    "T": "Trade",
    "P": 226.85,
    "Q": 4.98,
    "TS": 1538409733.3502,
    "side": "b",
    "TS2": 1538409738828643608
  },
  {
    "sym": "XXBTZUSD",
    "T": "Trade",
    "P": 6538.8,
    "Q": 1,
    "TS": 1538409739.0962,
    "side": "s",
    "TS2": 1538409748332169137
  },
  {
    "sym": "XXBTZUSD",
    "T": "Trade",
    "P": 6538.2,
    "Q": 0.498558,
    "TS": 1538409739.1111,
    "side": "s",
    "TS2": 1538409748332223252
  },
  {
    "sym": "XXBTZUSD",
    "T": "Trade",
    "P": 6537.9,
    "Q": 3.058,
    "TS": 1538409739.1144,
    "side": "s",
    "TS2": 1538409748332270624
  },
  {
    "sym": "XXBTZUSD",
    "T": "Trade",
    "P": 6537.7,
    "Q": 0.443441,
    "TS": 1538409739.1173,
    "side": "s",
    "TS2": 1538409748332315018
  },
  {
    "sym": "XXBTZUSD",
    "T": "Trade",
    "P": 6537.7,
    "Q": 4.2e-07,
    "TS": 1538409739.1207,
    "side": "s",
    "TS2": 1538409748332359262
  },
  {
    "sym": "XXLMXXBT",
    "T": "Trade",
    "P": 3.939e-05,
    "Q": 750,
    "TS": 1538409744.8845,
    "side": "b",
    "TS2": 1538409749939606858
  },
  {
    "sym": "ADAEUR",
    "T": "Trade",
    "P": 0.07207,
    "Q": 44,
    "TS": 1538409736.0906,
    "side": "b",
    "TS2": 1538409757094032581
  },
  {
    "sym": "XETHZUSD",
    "T": "Trade",
    "P": 226.61,
    "Q": 2.15891,
    "TS": 1538409749.4185,
    "side": "s",
    "TS2": 1538409764598722826
  },
  {
    "sym": "XXBTZUSD",
    "T": "Trade",
    "P": 6537.7,
    "Q": 0.556558,
    "TS": 1538409749.2599,
    "side": "s",
    "TS2": 1538409768683688185
  },
  {
    "sym": "XXBTZUSD",
    "T": "Trade",
    "P": 6537.6,
    "Q": 3.057,
    "TS": 1538409749.2705,
    "side": "s",
    "TS2": 1538409768683741023
  },
  {
    "sym": "XXBTZUSD",
    "T": "Trade",
    "P": 6537.4,
    "Q": 1.38644,
    "TS": 1538409749.2755,
    "side": "s",
    "TS2": 1538409768683788091
  },
  {
    "sym": "XXBTZUSD",
    "T": "Trade",
    "P": 6537.4,
    "Q": 4.2e-07,
    "TS": 1538409749.2809,
    "side": "s",
    "TS2": 1538409768683832846
  },
  {
    "sym": "XXRPXXBT",
    "T": "Trade",
    "P": 8.437e-05,
    "Q": 2000,
    "TS": 1538409757.6024,
    "side": "b",
    "TS2": 1538409771786622466
  },
  {
    "sym": "XETHZUSD",
    "T": "Trade",
    "P": 226.84,
    "Q": 5,
    "TS": 1538409764.7683,
    "side": "b",
    "TS2": 1538409785780675347
  },
  {
    "sym": "XETHZUSD",
    "T": "Trade",
    "P": 226.84,
    "Q": 20,
    "TS": 1538409764.7899,
    "side": "b",
    "TS2": 1538409785780728726
  },
  {
    "sym": "XXMRXXBT",
    "T": "Trade",
    "P": 0.017468,
    "Q": 0.1,
    "TS": 1538409785.4071,
    "side": "b",
    "TS2": 1538409793526889926
  },
  {
    "sym": "XETHZUSD",
    "T": "Trade",
    "P": 226.83,
    "Q": 0.5,
    "TS": 1538409797.8828,
    "side": "b",
    "TS2": 1538409808598307598
  },
  {
    "sym": "XETHZUSD",
    "T": "Trade",
    "P": 226.57,
    "Q": 0.11,
    "TS": 1538409800.4251,
    "side": "s",
    "TS2": 1538409808598360909
  },
  {
    "sym": "XETHZUSD",
    "T": "Trade",
    "P": 226.55,
    "Q": 5,
    "TS": 1538409804.2248,
    "side": "s",
    "TS2": 1538409808598408098
  },
  {
    "sym": "XETHZUSD",
    "T": "Trade",
    "P": 226.55,
    "Q": 5,
    "TS": 1538409804.2298,
    "side": "s",
    "TS2": 1538409808598452113
  },
  {
    "sym": "XETHZUSD",
    "T": "Trade",
    "P": 226.53,
    "Q": 0.2,
    "TS": 1538409804.2331,
    "side": "s",
    "TS2": 1538409808598495417
  },
  {
    "sym": "XETHZUSD",
    "T": "Trade",
    "P": 226.52,
    "Q": 5,
    "TS": 1538409804.2359,
    "side": "s",
    "TS2": 1538409808598539250
  },
  {
    "sym": "XETHZUSD",
    "T": "Trade",
    "P": 226.52,
    "Q": 5,
    "TS": 1538409804.2385,
    "side": "s",
    "TS2": 1538409808598582611
  },
  {
    "sym": "XETHZUSD",
    "T": "Trade",
    "P": 226.47,
    "Q": 3,
    "TS": 1538409804.2422,
    "side": "s",
    "TS2": 1538409808598625557
  },
  {
    "sym": "XETHZUSD",
    "T": "Trade",
    "P": 226.46,
    "Q": 0.024,
    "TS": 1538409804.2455,
    "side": "s",
    "TS2": 1538409808598669482
  },
  {
    "sym": "XETHZUSD",
    "T": "Trade",
    "P": 226.3,
    "Q": 26.776,
    "TS": 1538409804.2488,
    "side": "s",
    "TS2": 1538409808598713853
  },
  {
    "sym": "XXBTZUSD",
    "T": "Trade",
    "P": 6538.2,
    "Q": 0.025,
    "TS": 1538409792.3911,
    "side": "b",
    "TS2": 1538409812609091281
  },
  {
    "sym": "XXBTZUSD",
    "T": "Trade",
    "P": 6539.7,
    "Q": 0.318,
    "TS": 1538409792.4137,
    "side": "b",
    "TS2": 1538409812609145099
  },
  {
    "sym": "XXBTZUSD",
    "T": "Trade",
    "P": 6538.9,
    "Q": 0.025,
    "TS": 1538409806.8025,
    "side": "s",
    "TS2": 1538409812609192067
  },
  {
    "sym": "XXBTZUSD",
    "T": "Trade",
    "P": 6538.9,
    "Q": 0.025,
    "TS": 1538409809.408,
    "side": "s",
    "TS2": 1538409812609236564
  },
  {
    "sym": "XXBTZUSD",
    "T": "Trade",
    "P": 6538.9,
    "Q": 0.025,
    "TS": 1538409811.0931,
    "side": "s",
    "TS2": 1538409812609280845
  },
  {
    "sym": "GNOXBT",
    "T": "Trade",
    "P": 0.00399,
    "Q": 1.35931,
    "TS": 1538409823.0673,
    "side": "s",
    "TS2": 1538409824883727830
  },
  {
    "sym": "GNOXBT",
    "T": "Trade",
    "P": 0.00399,
    "Q": 0.00352504,
    "TS": 1538409823.0756,
    "side": "s",
    "TS2": 1538409824883781430
  },
  {
    "sym": "XETHXXBT",
    "T": "Trade",
    "P": 0.03468,
    "Q": 0.13954,
    "TS": 1538409815.5863,
    "side": "b",
    "TS2": 1538409827183989630
  },
  {
    "sym": "XETHZUSD",
    "T": "Trade",
    "P": 226.37,
    "Q": 5,
    "TS": 1538409814.9211,
    "side": "s",
    "TS2": 1538409827534922736
  },
  {
    "sym": "XETHZUSD",
    "T": "Trade",
    "P": 226.36,
    "Q": 2,
    "TS": 1538409814.9304,
    "side": "s",
    "TS2": 1538409827534975416
  },
  {
    "sym": "XETHZUSD",
    "T": "Trade",
    "P": 226.31,
    "Q": 5,
    "TS": 1538409814.9331,
    "side": "s",
    "TS2": 1538409827535022234
  },
  {
    "sym": "XETHZUSD",
    "T": "Trade",
    "P": 226.3,
    "Q": 38,
    "TS": 1538409814.9365,
    "side": "s",
    "TS2": 1538409827535066508
  },
  {
    "sym": "XETHZUSD",
    "T": "Trade",
    "P": 226.74,
    "Q": 2,
    "TS": 1538409821.6702,
    "side": "b",
    "TS2": 1538409827535110294
  },
  {
    "sym": "XETHZUSD",
    "T": "Trade",
    "P": 226.83,
    "Q": 4.5,
    "TS": 1538409821.6872,
    "side": "b",
    "TS2": 1538409827535153294
  },
  {
    "sym": "XETHZUSD",
    "T": "Trade",
    "P": 226.83,
    "Q": 8.1706,
    "TS": 1538409821.6916,
    "side": "b",
    "TS2": 1538409827535196654
  },
  {
    "sym": "XXBTZUSD",
    "T": "Trade",
    "P": 6538.9,
    "Q": 0.025,
    "TS": 1538409813.2772,
    "side": "s",
    "TS2": 1538409832399454986
  },
  {
    "sym": "XXRPXXBT",
    "T": "Trade",
    "P": 8.422e-05,
    "Q": 5448.3,
    "TS": 1538409824.8195,
    "side": "b",
    "TS2": 1538409834653782603
  },
  {
    "sym": "XXRPXXBT",
    "T": "Trade",
    "P": 8.425e-05,
    "Q": 5337,
    "TS": 1538409824.8275,
    "side": "b",
    "TS2": 1538409834653836687
  },
  {
    "sym": "XXRPXXBT",
    "T": "Trade",
    "P": 8.429e-05,
    "Q": 1067.25,
    "TS": 1538409824.8309,
    "side": "b",
    "TS2": 1538409834653894776
  },
  {
    "sym": "XETHZUSD",
    "T": "Trade",
    "P": 226.31,
    "Q": 8,
    "TS": 1538409860.5403,
    "side": "s",
    "TS2": 1538409869157661569
  },
  {
    "sym": "XETHZUSD",
    "T": "Trade",
    "P": 226.3,
    "Q": 35.224,
    "TS": 1538409860.5472,
    "side": "s",
    "TS2": 1538409869157725838
  },
  {
    "sym": "XETHZUSD",
    "T": "Trade",
    "P": 226.26,
    "Q": 6.776,
    "TS": 1538409860.5523,
    "side": "s",
    "TS2": 1538409869157782568
  },
  {
    "sym": "XXBTZUSD",
    "T": "Trade",
    "P": 6535,
    "Q": 0.58,
    "TS": 1538409889.2889,
    "side": "s",
    "TS2": 1538409891953343299
  },
  {
    "sym": "XXRPXXBT",
    "T": "Trade",
    "P": 8.4e-05,
    "Q": 875.827,
    "TS": 1538409888.5107,
    "side": "s",
    "TS2": 1538409893784196938
  },
  {
    "sym": "XXRPXXBT",
    "T": "Trade",
    "P": 8.395e-05,
    "Q": 61.726,
    "TS": 1538409888.5153,
    "side": "s",
    "TS2": 1538409893784251423
  },
  {
    "sym": "ADAXBT",
    "T": "Trade",
    "P": 1.272e-05,
    "Q": 157,
    "TS": 1538409887.3721,
    "side": "s",
    "TS2": 1538409900751455823
  },
  {
    "sym": "ADAXBT",
    "T": "Trade",
    "P": 1.272e-05,
    "Q": 5719,
    "TS": 1538409891.7222,
    "side": "s",
    "TS2": 1538409900751510556
  },
  {
    "sym": "XXBTZUSD",
    "T": "Trade",
    "P": 6535,
    "Q": 2.47,
    "TS": 1538409908.9166,
    "side": "s",
    "TS2": 1538409910702747499
  },
  {
    "sym": "ADAEUR",
    "T": "Trade",
    "P": 0.072069,
    "Q": 1000,
    "TS": 1538409907.3925,
    "side": "b",
    "TS2": 1538409918334148723
  },
  {
    "sym": "ADAXBT",
    "T": "Trade",
    "P": 1.272e-05,
    "Q": 93,
    "TS": 1538409903.6429,
    "side": "s",
    "TS2": 1538409919051940182
  },
  {
    "sym": "XETHZUSD",
    "T": "Trade",
    "P": 226.51,
    "Q": 0.0559965,
    "TS": 1538409919.2238,
    "side": "b",
    "TS2": 1538409928101603618
  },
  {
    "sym": "XXBTZUSD",
    "T": "Trade",
    "P": 6535,
    "Q": 0.28,
    "TS": 1538409921.9135,
    "side": "s",
    "TS2": 1538409933359627517
  },
  {
    "sym": "XXMRXXBT",
    "T": "Trade",
    "P": 0.017469,
    "Q": 0.1,
    "TS": 1538409932.7722,
    "side": "b",
    "TS2": 1538409934840336160
  },
  {
    "sym": "XXRPXXBT",
    "T": "Trade",
    "P": 8.395e-05,
    "Q": 149,
    "TS": 1538409923.967,
    "side": "s",
    "TS2": 1538409935179092047
  },
  {
    "sym": "EOSXBT",
    "T": "Trade",
    "P": 0.0008513,
    "Q": 87.1888,
    "TS": 1538409927.8684,
    "side": "s",
    "TS2": 1538409944627785034
  },
  {
    "sym": "XETHXXBT",
    "T": "Trade",
    "P": 0.03466,
    "Q": 0.458719,
    "TS": 1538409928.3622,
    "side": "b",
    "TS2": 1538409949644441443
  },
  {
    "sym": "XLTCZUSD",
    "T": "Trade",
    "P": 59.77,
    "Q": 0.1,
    "TS": 1538409951.151,
    "side": "b",
    "TS2": 1538409952099991724
  },
  {
    "sym": "XXBTZUSD",
    "T": "Trade",
    "P": 6535,
    "Q": 0.18,
    "TS": 1538409937.9676,
    "side": "s",
    "TS2": 1538409954354241471
  },
  {
    "sym": "XXMRXXBT",
    "T": "Trade",
    "P": 0.017469,
    "Q": 0.1,
    "TS": 1538409936.0756,
    "side": "b",
    "TS2": 1538409955756271595
  },
  {
    "sym": "XXMRXXBT",
    "T": "Trade",
    "P": 0.017468,
    "Q": 0.1,
    "TS": 1538409938.7115,
    "side": "b",
    "TS2": 1538409955756324982
  },
  {
    "sym": "ADAEUR",
    "T": "Trade",
    "P": 0.072068,
    "Q": 146,
    "TS": 1538409954.4687,
    "side": "b",
    "TS2": 1538409962324128260
  },
  {
    "sym": "ADAXBT",
    "T": "Trade",
    "P": 1.272e-05,
    "Q": 2676.09,
    "TS": 1538409943.1987,
    "side": "s",
    "TS2": 1538409963560858264
  },
  {
    "sym": "ADAXBT",
    "T": "Trade",
    "P": 1.272e-05,
    "Q": 223.91,
    "TS": 1538409943.2168,
    "side": "s",
    "TS2": 1538409963560912714
  },
  {
    "sym": "XETHXXBT",
    "T": "Trade",
    "P": 0.03465,
    "Q": 10,
    "TS": 1538409959.5272,
    "side": "s",
    "TS2": 1538409970141510070
  },
  {
    "sym": "XETHZUSD",
    "T": "Trade",
    "P": 226.27,
    "Q": 0.26517,
    "TS": 1538409961.9939,
    "side": "s",
    "TS2": 1538409970683203624
  },
  {
    "sym": "XETHZUSD",
    "T": "Trade",
    "P": 226.15,
    "Q": 3.28059,
    "TS": 1538409961.9996,
    "side": "s",
    "TS2": 1538409970683256773
  },
  {
    "sym": "XETHZUSD",
    "T": "Trade",
    "P": 226,
    "Q": 1.88282,
    "TS": 1538409962.0033,
    "side": "s",
    "TS2": 1538409970683303490
  },
  {
    "sym": "XETHZUSD",
    "T": "Trade",
    "P": 226,
    "Q": 0.00488264,
    "TS": 1538409962.0057,
    "side": "s",
    "TS2": 1538409970683347539
  },
  {
    "sym": "XETHZUSD",
    "T": "Trade",
    "P": 226,
    "Q": 1.266e-05,
    "TS": 1538409962.0077,
    "side": "s",
    "TS2": 1538409970683391642
  },
  {
    "sym": "XETHZUSD",
    "T": "Trade",
    "P": 226,
    "Q": 7.98563,
    "TS": 1538409962.0338,
    "side": "s",
    "TS2": 1538409970683436310
  },
  {
    "sym": "XETHZUSD",
    "T": "Trade",
    "P": 226,
    "Q": 1e-08,
    "TS": 1538409962.0366,
    "side": "s",
    "TS2": 1538409970683479529
  },
  {
    "sym": "XMLNXXBT",
    "T": "Trade",
    "P": 0.00158,
    "Q": 1.59744,
    "TS": 1538409959.2536,
    "side": "b",
    "TS2": 1538409974361805514
  },
  {
    "sym": "XMLNXXBT",
    "T": "Trade",
    "P": 0.00158,
    "Q": 0.00255183,
    "TS": 1538409959.2556,
    "side": "b",
    "TS2": 1538409974361859159
  },
  {
    "sym": "XXBTZUSD",
    "T": "Trade",
    "P": 6535,
    "Q": 0.25,
    "TS": 1538409964.3882,
    "side": "s",
    "TS2": 1538409981786582645
  },
  {
    "sym": "XZECXXBT",
    "T": "Trade",
    "P": 0.01947,
    "Q": 0.129841,
    "TS": 1538409959.2392,
    "side": "s",
    "TS2": 1538409984358920339
  },
  {
    "sym": "XZECXXBT",
    "T": "Trade",
    "P": 0.01947,
    "Q": 0.371,
    "TS": 1538409968.4394,
    "side": "s",
    "TS2": 1538409984358973435
  },
  {
    "sym": "ADAEUR",
    "T": "Trade",
    "P": 0.072067,
    "Q": 694,
    "TS": 1538409975.1066,
    "side": "b",
    "TS2": 1538409990202262970
  },
  {
    "sym": "ADAEUR",
    "T": "Trade",
    "P": 0.072067,
    "Q": 7,
    "TS": 1538409987.1807,
    "side": "b",
    "TS2": 1538409990202316314
  },
  {
    "sym": "ADAXBT",
    "T": "Trade",
    "P": 1.272e-05,
    "Q": 0.439588,
    "TS": 1538409971.647,
    "side": "s",
    "TS2": 1538409991630666568
  },
  {
    "sym": "ADAXBT",
    "T": "Trade",
    "P": 1.271e-05,
    "Q": 313.56,
    "TS": 1538409971.6511,
    "side": "s",
    "TS2": 1538409991630721281
  },
  {
    "sym": "EOSXBT",
    "T": "Trade",
    "P": 0.000851,
    "Q": 8.48511,
    "TS": 1538409968.996,
    "side": "s",
    "TS2": 1538409993301502105
  },
  {
    "sym": "EOSXBT",
    "T": "Trade",
    "P": 0.0008503,
    "Q": 88.5181,
    "TS": 1538409988.7027,
    "side": "s",
    "TS2": 1538409993301567367
  },
  {
    "sym": "QTUMEUR",
    "T": "Trade",
    "P": 3.266,
    "Q": 10,
    "TS": 1538409986.1355,
    "side": "s",
    "TS2": 1538409996276063248
  },
  {
    "sym": "QTUMXBT",
    "T": "Trade",
    "P": 0.0005764,
    "Q": 10.01,
    "TS": 1538409986.5154,
    "side": "b",
    "TS2": 1538409996998625575
  },
  {
    "sym": "XETHXXBT",
    "T": "Trade",
    "P": 0.03462,
    "Q": 4.09214,
    "TS": 1538409970.6766,
    "side": "s",
    "TS2": 1538409998524422528
  },
  {
    "sym": "XXBTZUSD",
    "T": "Trade",
    "P": 6535,
    "Q": 0.84,
    "TS": 1538409988.4891,
    "side": "s",
    "TS2": 1538410003102050965
  },
  {
    "sym": "XETHZUSD",
    "T": "Trade",
    "P": 226.02,
    "Q": 5,
    "TS": 1538410000.0809,
    "side": "s",
    "TS2": 1538410019839582191
  },
  {
    "sym": "XETHZUSD",
    "T": "Trade",
    "P": 226.01,
    "Q": 0.18675,
    "TS": 1538410000.1054,
    "side": "s",
    "TS2": 1538410019840179823
  },
  {
    "sym": "XETHZUSD",
    "T": "Trade",
    "P": 226,
    "Q": 9.81325,
    "TS": 1538410000.1091,
    "side": "s",
    "TS2": 1538410019840244621
  },
  {
    "sym": "XLTCXXBT",
    "T": "Trade",
    "P": 0.009134,
    "Q": 2.07987,
    "TS": 1538410006.4122,
    "side": "b",
    "TS2": 1538410021568425892
  },
  {
    "sym": "XLTCZUSD",
    "T": "Trade",
    "P": 59.76,
    "Q": 0.1,
    "TS": 1538410003.1421,
    "side": "s",
    "TS2": 1538410021989412504
  },
  {
    "sym": "XXBTZUSD",
    "T": "Trade",
    "P": 6535,
    "Q": 0.09,
    "TS": 1538410003.8939,
    "side": "s",
    "TS2": 1538410024301871441
  },
  {
    "sym": "XXBTZUSD",
    "T": "Trade",
    "P": 6535,
    "Q": 0.06,
    "TS": 1538410016.9354,
    "side": "s",
    "TS2": 1538410024301924249
  },
  {
    "sym": "GNOXBT",
    "T": "Trade",
    "P": 0.00401,
    "Q": 1.833,
    "TS": 1538410031.4126,
    "side": "s",
    "TS2": 1538410038132902373
  },
  {
    "sym": "XETHXXBT",
    "T": "Trade",
    "P": 0.03462,
    "Q": 12.75,
    "TS": 1538410022.6783,
    "side": "s",
    "TS2": 1538410041672551740
  },
  {
    "sym": "XETHXXBT",
    "T": "Trade",
    "P": 0.03461,
    "Q": 20,
    "TS": 1538410034.6864,
    "side": "s",
    "TS2": 1538410041672604751
  },
  {
    "sym": "XETHZUSD",
    "T": "Trade",
    "P": 226,
    "Q": 22.22,
    "TS": 1538410022.1705,
    "side": "s",
    "TS2": 1538410042045434099
  },
  {
    "sym": "XETHZUSD",
    "T": "Trade",
    "P": 226,
    "Q": 22.0934,
    "TS": 1538410022.1893,
    "side": "s",
    "TS2": 1538410042045486391
  },
  {
    "sym": "XETHZUSD",
    "T": "Trade",
    "P": 226,
    "Q": 2.5,
    "TS": 1538410022.193,
    "side": "s",
    "TS2": 1538410042045533437
  },
  {
    "sym": "XETHZUSD",
    "T": "Trade",
    "P": 226,
    "Q": 25.8271,
    "TS": 1538410022.1966,
    "side": "s",
    "TS2": 1538410042045594097
  },
  {
    "sym": "XETHZUSD",
    "T": "Trade",
    "P": 226,
    "Q": 3.45547,
    "TS": 1538410022.1991,
    "side": "s",
    "TS2": 1538410042045639055
  },
  {
    "sym": "XETHZUSD",
    "T": "Trade",
    "P": 226,
    "Q": 1.4014,
    "TS": 1538410022.2014,
    "side": "s",
    "TS2": 1538410042045682199
  },
  {
    "sym": "XETHZUSD",
    "T": "Trade",
    "P": 226,
    "Q": 19.316,
    "TS": 1538410022.2035,
    "side": "s",
    "TS2": 1538410042045725298
  },
  {
    "sym": "XETHZUSD",
    "T": "Trade",
    "P": 226,
    "Q": 0.5,
    "TS": 1538410022.2067,
    "side": "s",
    "TS2": 1538410042045768356
  },
  {
    "sym": "XETHZUSD",
    "T": "Trade",
    "P": 225.66,
    "Q": 24.9066,
    "TS": 1538410022.2101,
    "side": "s",
    "TS2": 1538410042045811545
  },
  {
    "sym": "XETHZUSD",
    "T": "Trade",
    "P": 225.8,
    "Q": 3,
    "TS": 1538410027.2052,
    "side": "s",
    "TS2": 1538410042045855352
  },
  {
    "sym": "XETHZUSD",
    "T": "Trade",
    "P": 225.8,
    "Q": 3,
    "TS": 1538410027.2141,
    "side": "s",
    "TS2": 1538410042045898531
  },
  {
    "sym": "XETHZUSD",
    "T": "Trade",
    "P": 225.75,
    "Q": 2,
    "TS": 1538410027.2171,
    "side": "s",
    "TS2": 1538410042045941149
  },
  {
    "sym": "XETHZUSD",
    "T": "Trade",
    "P": 225.75,
    "Q": 24.279,
    "TS": 1538410027.2206,
    "side": "s",
    "TS2": 1538410042045983778
  },
  {
    "sym": "XETHZUSD",
    "T": "Trade",
    "P": 225.66,
    "Q": 75.0934,
    "TS": 1538410027.2239,
    "side": "s",
    "TS2": 1538410042046027152
  },
  {
    "sym": "XETHZUSD",
    "T": "Trade",
    "P": 225.66,
    "Q": 42.6276,
    "TS": 1538410027.227,
    "side": "s",
    "TS2": 1538410042046070627
  },
  {
    "sym": "XETHZUSD",
    "T": "Trade",
    "P": 225.81,
    "Q": 7.99,
    "TS": 1538410034.3188,
    "side": "s",
    "TS2": 1538410042046123610
  },
  {
    "sym": "XETHZUSD",
    "T": "Trade",
    "P": 225.66,
    "Q": 14.23,
    "TS": 1538410034.3258,
    "side": "s",
    "TS2": 1538410042046169814
  },
  {
    "sym": "XETHZUSD",
    "T": "Trade",
    "P": 225.66,
    "Q": 50,
    "TS": 1538410034.3293,
    "side": "s",
    "TS2": 1538410042046213572
  },
  {
    "sym": "XETHZUSD",
    "T": "Trade",
    "P": 225.66,
    "Q": 50,
    "TS": 1538410034.3324,
    "side": "s",
    "TS2": 1538410042046256886
  },
  {
    "sym": "XLTCXXBT",
    "T": "Trade",
    "P": 0.009134,
    "Q": 0.1635,
    "TS": 1538410035.2364,
    "side": "b",
    "TS2": 1538410043501797717
  },
  {
    "sym": "XXBTZUSD",
    "T": "Trade",
    "P": 6535,
    "Q": 0.04,
    "TS": 1538410029.3809,
    "side": "s",
    "TS2": 1538410046291504408
  },
  {
    "sym": "XXBTZUSD",
    "T": "Trade",
    "P": 6535,
    "Q": 0.21,
    "TS": 1538410034.3399,
    "side": "s",
    "TS2": 1538410046291556514
  },
  {
    "sym": "XXRPXXBT",
    "T": "Trade",
    "P": 8.371e-05,
    "Q": 170.036,
    "TS": 1538410051.9212,
    "side": "b",
    "TS2": 1538410063424372800
  },
  {
    "sym": "ADAEUR",
    "T": "Trade",
    "P": 0.072062,
    "Q": 10583,
    "TS": 1538410047.8074,
    "side": "s",
    "TS2": 1538410069275646253
  },
  {
    "sym": "ADAUSD",
    "T": "Trade",
    "P": 0.083,
    "Q": 62.5443,
    "TS": 1538410032.9936,
    "side": "s",
    "TS2": 1538410069652554231
  },
  {
    "sym": "ADAUSD",
    "T": "Trade",
    "P": 0.083,
    "Q": 0.161706,
    "TS": 1538410032.9988,
    "side": "s",
    "TS2": 1538410069652607528
  },
  {
    "sym": "ADAXBT",
    "T": "Trade",
    "P": 1.271e-05,
    "Q": 2686.44,
    "TS": 1538410035.6261,
    "side": "s",
    "TS2": 1538410070010988845
  },
  {
    "sym": "ADAXBT",
    "T": "Trade",
    "P": 1.271e-05,
    "Q": 965.56,
    "TS": 1538410035.63,
    "side": "s",
    "TS2": 1538410070011043260
  },
  {
    "sym": "ADAXBT",
    "T": "Trade",
    "P": 1.271e-05,
    "Q": 0.103724,
    "TS": 1538410044.481,
    "side": "s",
    "TS2": 1538410070011091206
  },
  {
    "sym": "ADAXBT",
    "T": "Trade",
    "P": 1.27e-05,
    "Q": 313.896,
    "TS": 1538410044.4877,
    "side": "s",
    "TS2": 1538410070011136688
  },
  {
    "sym": "ADAXBT",
    "T": "Trade",
    "P": 1.271e-05,
    "Q": 10593.6,
    "TS": 1538410047.4355,
    "side": "b",
    "TS2": 1538410070011181961
  },
  {
    "sym": "ADAXBT",
    "T": "Trade",
    "P": 1.27e-05,
    "Q": 157,
    "TS": 1538410058.473,
    "side": "s",
    "TS2": 1538410070011226246
  },
  {
    "sym": "XETHXXBT",
    "T": "Trade",
    "P": 0.03459,
    "Q": 20,
    "TS": 1538410044.8447,
    "side": "s",
    "TS2": 1538410077722165160
  },
  {
    "sym": "XETHXXBT",
    "T": "Trade",
    "P": 0.03458,
    "Q": 0.164777,
    "TS": 1538410054.388,
    "side": "b",
    "TS2": 1538410077722218118
  },
  {
    "sym": "XETHZUSD",
    "T": "Trade",
    "P": 225.84,
    "Q": 0.05626,
    "TS": 1538410070.9399,
    "side": "b",
    "TS2": 1538410078220373745
  },
  {
    "sym": "XETHZUSD",
    "T": "Trade",
    "P": 225.81,
    "Q": 0.0484597,
    "TS": 1538410076.5396,
    "side": "b",
    "TS2": 1538410078220427719
  },
  {
    "sym": "XETHZUSD",
    "T": "Trade",
    "P": 225.6,
    "Q": 2.21631,
    "TS": 1538410076.7745,
    "side": "s",
    "TS2": 1538410078220475479
  },
  {
    "sym": "XETHZUSD",
    "T": "Trade",
    "P": 225.52,
    "Q": 0.091,
    "TS": 1538410076.779,
    "side": "s",
    "TS2": 1538410078220520976
  },
  {
    "sym": "XETHZUSD",
    "T": "Trade",
    "P": 225.5,
    "Q": 7.69269,
    "TS": 1538410076.7822,
    "side": "s",
    "TS2": 1538410078220565237
  },
  {
    "sym": "XXBTZUSD",
    "T": "Trade",
    "P": 6534.8,
    "Q": 0.004236,
    "TS": 1538410052.3365,
    "side": "b",
    "TS2": 1538410082436541664
  },
  {
    "sym": "XXBTZUSD",
    "T": "Trade",
    "P": 6534.1,
    "Q": 0.26,
    "TS": 1538410061.8284,
    "side": "s",
    "TS2": 1538410082436594876
  },
  {
    "sym": "XXBTZUSD",
    "T": "Trade",
    "P": 6534.6,
    "Q": 0.290564,
    "TS": 1538410066.7235,
    "side": "b",
    "TS2": 1538410082436641931
  },
  {
    "sym": "XXBTZUSD",
    "T": "Trade",
    "P": 6534.6,
    "Q": 0.092206,
    "TS": 1538410067.4315,
    "side": "b",
    "TS2": 1538410082436687759
  },
  {
    "sym": "XXBTZUSD",
    "T": "Trade",
    "P": 6534.1,
    "Q": 0.07,
    "TS": 1538410077.8439,
    "side": "s",
    "TS2": 1538410082436732843
  },
  {
    "sym": "XXBTZUSD",
    "T": "Trade",
    "P": 6534.5,
    "Q": 0.1,
    "TS": 1538410078.5849,
    "side": "b",
    "TS2": 1538410082436777390
  },
  {
    "sym": "XXBTZUSD",
    "T": "Trade",
    "P": 6534.5,
    "Q": 0.05,
    "TS": 1538410078.5901,
    "side": "b",
    "TS2": 1538410082436821694
  },
  {
    "sym": "XXBTZUSD",
    "T": "Trade",
    "P": 6534.5,
    "Q": 0.05,
    "TS": 1538410078.5933,
    "side": "b",
    "TS2": 1538410082436866038
  },
  {
    "sym": "XXBTZUSD",
    "T": "Trade",
    "P": 6534.5,
    "Q": 0.0235776,
    "TS": 1538410078.5968,
    "side": "b",
    "TS2": 1538410082436910252
  },
  {
    "sym": "XXBTZUSD",
    "T": "Trade",
    "P": 6534.5,
    "Q": 0.002,
    "TS": 1538410078.6007,
    "side": "b",
    "TS2": 1538410082436954849
  },
  {
    "sym": "XXBTZUSD",
    "T": "Trade",
    "P": 6534.5,
    "Q": 0.048,
    "TS": 1538410078.6042,
    "side": "b",
    "TS2": 1538410082437009647
  },
  {
    "sym": "XXBTZUSD",
    "T": "Trade",
    "P": 6534.5,
    "Q": 0.1,
    "TS": 1538410078.6072,
    "side": "b",
    "TS2": 1538410082437057976
  },
  {
    "sym": "XXBTZUSD",
    "T": "Trade",
    "P": 6534.5,
    "Q": 0.025,
    "TS": 1538410078.6103,
    "side": "b",
    "TS2": 1538410082437102706
  },
  {
    "sym": "XXBTZUSD",
    "T": "Trade",
    "P": 6534.5,
    "Q": 0.025,
    "TS": 1538410078.6134,
    "side": "b",
    "TS2": 1538410082437147045
  },
  {
    "sym": "XXBTZUSD",
    "T": "Trade",
    "P": 6534.5,
    "Q": 0.025,
    "TS": 1538410078.6166,
    "side": "b",
    "TS2": 1538410082437191352
  },
  {
    "sym": "XXBTZUSD",
    "T": "Trade",
    "P": 6534.5,
    "Q": 0.025,
    "TS": 1538410078.6197,
    "side": "b",
    "TS2": 1538410082437235408
  },
  {
    "sym": "XXBTZUSD",
    "T": "Trade",
    "P": 6534.5,
    "Q": 0.025,
    "TS": 1538410078.6228,
    "side": "b",
    "TS2": 1538410082437279261
  },
  {
    "sym": "XXBTZUSD",
    "T": "Trade",
    "P": 6534.5,
    "Q": 0.00142241,
    "TS": 1538410078.6263,
    "side": "b",
    "TS2": 1538410082437323008
  },
  {
    "sym": "XXRPXXBT",
    "T": "Trade",
    "P": 8.358e-05,
    "Q": 117.55,
    "TS": 1538410065.9688,
    "side": "b",
    "TS2": 1538410084533956368
  },
  {
    "sym": "ADAXBT",
    "T": "Trade",
    "P": 1.27e-05,
    "Q": 157,
    "TS": 1538410088.5077,
    "side": "s",
    "TS2": 1538410091384306601
  },
  {
    "sym": "EOSXBT",
    "T": "Trade",
    "P": 0.0008494,
    "Q": 3,
    "TS": 1538410075.6001,
    "side": "s",
    "TS2": 1538410093064474594
  },
  {
    "sym": "QTUMEUR",
    "T": "Trade",
    "P": 3.26536,
    "Q": 0.723861,
    "TS": 1538410093.0269,
    "side": "s",
    "TS2": 1538410094489538738
  },
  {
    "sym": "QTUMEUR",
    "T": "Trade",
    "P": 3.26536,
    "Q": 5.03238,
    "TS": 1538410093.0322,
    "side": "s",
    "TS2": 1538410094489609752
  },
  {
    "sym": "QTUMXBT",
    "T": "Trade",
    "P": 0.0005763,
    "Q": 5.76143,
    "TS": 1538410093.2073,
    "side": "b",
    "TS2": 1538410095389757164
  },
  {
    "sym": "XETHXXBT",
    "T": "Trade",
    "P": 0.03457,
    "Q": 34.26,
    "TS": 1538410086.888,
    "side": "s",
    "TS2": 1538410096531715008
  },
  {
    "sym": "XXBTZUSD",
    "T": "Trade",
    "P": 6531,
    "Q": 0.01,
    "TS": 1538410087.2287,
    "side": "s",
    "TS2": 1538410101152985701
  },
  {
    "sym": "XXBTZUSD",
    "T": "Trade",
    "P": 6530.3,
    "Q": 0.01,
    "TS": 1538410093.4367,
    "side": "s",
    "TS2": 1538410101153038937
  },
  {
    "sym": "ADAXBT",
    "T": "Trade",
    "P": 1.27e-05,
    "Q": 837.659,
    "TS": 1538410092.436,
    "side": "s",
    "TS2": 1538410110089393272
  },
  {
    "sym": "ADAXBT",
    "T": "Trade",
    "P": 1.27e-05,
    "Q": 390.341,
    "TS": 1538410092.4508,
    "side": "s",
    "TS2": 1538410110089448266
  },
  {
    "sym": "ADAXBT",
    "T": "Trade",
    "P": 1.27e-05,
    "Q": 170.147,
    "TS": 1538410096.134,
    "side": "s",
    "TS2": 1538410110089496727
  },
  {
    "sym": "ADAXBT",
    "T": "Trade",
    "P": 1.27e-05,
    "Q": 143.853,
    "TS": 1538410096.1415,
    "side": "s",
    "TS2": 1538410110089542660
  },
  {
    "sym": "ADAXBT",
    "T": "Trade",
    "P": 1.27e-05,
    "Q": 88,
    "TS": 1538410100.0579,
    "side": "s",
    "TS2": 1538410110089607674
  },
  {
    "sym": "XETHXXBT",
    "T": "Trade",
    "P": 0.03457,
    "Q": 5.74,
    "TS": 1538410103.5145,
    "side": "s",
    "TS2": 1538410116311832189
  },
  {
    "sym": "XETHZUSD",
    "T": "Trade",
    "P": 225.5,
    "Q": 2.30731,
    "TS": 1538410100.6197,
    "side": "s",
    "TS2": 1538410116703472061
  },
  {
    "sym": "XETHZUSD",
    "T": "Trade",
    "P": 225.5,
    "Q": 2.5,
    "TS": 1538410100.6252,
    "side": "s",
    "TS2": 1538410116703525064
  },
  {
    "sym": "XETHZUSD",
    "T": "Trade",
    "P": 225.3,
    "Q": 81.2527,
    "TS": 1538410100.6275,
    "side": "s",
    "TS2": 1538410116703571604
  }
]